3409 5050
226 469 269 543 84
643 462 827 516 TERENTI
856 460 1058 516 PHORMIO.

314 656 373 719 ΡΗ.
399 654 490 740 Quin
519 664 556 719 tu
587 654 665 718 hinc
696 651 952 738 pollicitltiones
989 650 1080 717 adfer
1120 662 1154 716 et
1191 651 1283 734 quod
1325 648 1389 715 fers

464 754 561 817 cedo.
608 750 669 815 GR
695 751 761 827 Oh,

398 848 448 914 Tri
472 870 609 934 quoque
632 850 759 921 aderas,
785 845 962 911 Phdrmio?
995 848 1057 911 PH.
1081 846 1240 910 Aderam.
1272 844 1330 909 sed
1353 854 1388 907 tu

409 1027 421 1041 ‚
466 954 599 1011 cessas?
629 945 693 1009 GE.
718 933 860 1029 Accipe,
876 965 951 1009 em:

399 1046 446 1111 Vt
491 1046 593 1109 modo
638 1040 813 1126 argentum
850 1043 910 1107 tibi
951 1043 1104 1107 dedimus
1142 1037 1232 1123 dpud
1269 1038 1389 1113 lorum,

466 1143 555 1208 recti
571 1145 710 1207 domum

227 1241 289 1303 800
400 1236 709 1324 Sumusprolecti3
736 1239 861 1303 interea
888 1238 987 1301 mittit
1012 1236 1088 1299 erus
1114 1256 1166 1299 me
1192 1236 1234 1299 ad
1257 1232 1393 1296 uxorem
1447 1252 1476 1288 20

465 1349 567 1402 tuam.

313 1433 384 1519 ΑΝ.
407 1434 519 1517 Quam
540 1434 585 1498 db
609 1442 701 1499 rem?
728 1435 791 1499 GE.
817 1432 947 1498 Omitto
971 1428 1142 1514 prdloqui3
1179 1449 1255 1492 nam
1280 1426 1324 1493 ull
1348 1428 1389 1490 ad

413 1610 425 1623 ν
468 1532 554 1595 hauc
572 1553 640 1596 rem
657 1543 717 1605 est,
733 1520 898 1615 Antipho.

400 1628 467 1692 Vbi
503 1631 536 1692 iu
567 1649 775 1711 gynaeceum
808 1627 854 1693 lre
884 1628 1027 1711 occipio,
1061 1622 1144 1708 pirer
1174 1624 1217 1687 ad
1249 1641 1301 1685 me
1334 1621 1391 1684 ad·

467 1725 568 1789 currit
593 1726 696 1800 Mida,

402 1821 490 1885 Pdne
499 1824 635 1905 prendit
651 1821 763 1905 pillio,
780 1820 970 1907 resupinat:
995 1817 1146 1903 respicid,
1166 1838 1250 1899 rogo

402 1918 514 2000 Quam
541 1917 584 1982 db
612 1940 682 1982 rem
714 1918 853 1983 retinealt
878 1940 948 1982 me:
976 1920 1021 1982 ait
1045 1938 1117 1981 esse
1141 1916 1280 1979 uetitum
1307 1914 1392 1977 intro

468 2018 510 2079 ad
527 2037 617 2079 eram
634 2017 804 2081 accedere.

402 2111 602 2196 ‘Sdphrona
633 2115 735 2177 modo
762 2112 896 2177 lrrltrem
920 2112 1003 2175 huc'
1029 2113 1136 2196 inquit
1159 2111 1265 2174 ‘senis
1290 2110 1390 2173 intro·
1449 2127 1478 2181 25

468 2208 566 2274 duxlt
580 2209 759 2295 Chremem
771 2208 780 2236 ’
791 2232 799 2287 ;

358 2330 366 2341 ·
404 2304 559 2391 Elimque
591 2328 679 2371 nuuc
709 2327 782 2371 esse
813 2305 901 2372 lutus
932 2326 1008 2369 cum
1041 2305 1112 2369 illis.
1145 2304 1209 2371 huc
1240 2305 1297 2371 ubi
1329 2322 1393 2386 ego

447 2405 571 2480 audiui,
587 2401 630 2468 sd
647 2404 735 2467 sores

405 2498 575 2584 Sirspenso
602 2499 706 2584 gradu
735 2500 867 2585 placide
894 2501 940 2564 ire
965 2501 1107 2585 perrexi,
1137 2500 1271 2574 accessi,
1297 2496 1393 2570 istiu,

404 2586 563 2662 Animam
601 2600 794 2682 compressi,
827 2596 941 2662 adrem
977 2599 1133 2662 admoui:
1170 2599 1215 2660 ita
1245 2595 1394 2659 inimum
1472 2613 1474 2619 ⁴

472 2697 570 2780 coepi
595 2695 775 2769 attendere,
1086 2756 1096 2780 .

407 2790 482 2856 Hdc
523 2793 625 2857 modo
667 2791 853 2856 sermdnem
891 2802 1039 2876 captans.
1103 2791 1165 2854 ΡΗ.
1207 2787 1268 2862 Eu,
1301 2789 1394 2853 Geta.

472 2888 535 2954 GE.
561 2889 627 2953 Hic
644 2890 905 2972 pulcherrimum

234 2989 296 3054 870
406 2984 549 3051 chinus
585 2988 717 3050 audiui:
756 2985 868 3070 ltaque
908 3005 1015 3069 paene
1056 2983 1166 3048 hercle
1207 2982 1393 3046 exclamaui
1453 3003 1483 3054 30

473 3081 606 3165 gaddio.

320 3179 386 3243 AN.
412 3177 534 3261 Qudd?
593 3179 655 3243 GE.
691 3179 793 3263 Quod
825 3200 901 3242 nam
933 3177 1112 3243 arbitralre?
1155 3177 1225 3241 AN.
1264 3177 1396 3240 Nescio.

472 3275 537 3340 GE.
561 3264 667 3360 Atqui
685 3277 984 3340 mirificlssumum:

289 3419 292 3422 -
411 3371 548 3437 Peltruos
578 3385 654 3438 tuos
677 3384 727 3438 est
750 3372 844 3458 pitter
868 3374 1021 3437 inuentus
1046 3369 1171 3436 Phanio
1196 3368 1293 3434 uxori
1312 3380 1397 3433 tuae.

474 3471 543 3535 Au.
572 3467 709 3558 [Hem]

410 3567 501 3650 Quid
533 3569 604 3631 als?
643 3568 704 3632 GF„
744 3567 831 3632 Cum
863 3567 933 3632 eius
964 3567 1139 3630 consueuit
1174 3565 1253 3628 olim
1295 3561 1399 3627 mdtre

476 3667 509 3728 in
525 3665 654 3728 Lemno
671 3663 764 3728 clune
790 3665 866 3750 lum.

324 3766 387 3828 PH.
410 3761 610 3828 Sdmnium:
649 3741 758 3845 mide*
810 3782 869 3824 aec
908 3760 1075 3842 ignoraret
1113 3757 1208 3824 sudm
1248 3764 1398 3843 patrem?

476 3860 539 3924 GE.
564 3849 703 3942 Aliquid
720 3860 857 3931 credite,

240 3958 301 4024 875
414 3956 580 4030 Ph6rmio,
598 3977 670 4020 esse
683 3955 810 4019 causae.
844 3957 903 4018 sed
921 3975 972 4018 me
989 3957 1108 4018 censen
1126 3955 1276 4038 potuisse
1288 3950 1400 4016 dmnia
1457 3971 1487 4024 35

413 4039 610 4135 intellegere
641 4063 733 4117 extra
758 4052 891 4126 (istium,
916 4053 1003 4116 intus
1027 4073 1112 4134 quae
1134 4050 1218 4114 luter
1240 4071 1312 4114 sese
1337 4050 1399 4134 ipsi

479 4152 628 4232 egerint?
