3409 5050
255 502 296 582 38
673 497 859 554 TERENTI
888 495 1089 554 PHORMIO.

253 680 318 748 425
428 683 502 750 Aut
542 683 679 769 quidem
721 705 799 750 cum
838 706 946 749 uxore
987 684 1051 748 hac
1084 683 1196 768 ipsum
1232 682 1419 769 prohibeb6

496 789 611 854 domo.

344 891 407 957 GE·
431 888 540 957 Irdtus
557 903 616 958 εει
663 893 727 958 P11.
749 893 802 957 Tu
817 893 852 957 te
868 893 958 957 idem
974 893 1091 958 melius
1108 891 1233 956 feceris.

343 997 408 1062 DE.
431 994 505 1061 Itan
521 996 557 1060 ds
573 1005 709 1080 paratus
724 992 833 1060 ficere
849 1017 904 1059 me
920 997 1101 1060 aduorsum
1117 993 1239 1069 bmnia,
1475 1004 1506 1054 80

430 1098 572 1164 Infelix?
597 1100 657 1162 ΡΗ.
684 1099 807 1164 Metuit
821 1097 877 1163 hic
893 1120 964 1172 nos,
980 1109 1048 1163 tam
1065 1101 1126 1163 etsi
1142 1099 1259 1162 sedulo

427 1201 635 1268 Dissimulat.
706 1201 771 1267 Gn.
831 1202 924 1267 Bene
969 1202 1095 1267 habent
1137 1199 1198 1266 tibi
1243 1203 1418 1286 principia.

494 1306 556 1371 PH.
581 1304 672 1390 Quin
688 1305 780 1390 quod
796 1317 848 1371 est

252 1409 317 1475 430
429 1407 621 1475 Ferdndum
638 1408 725 1474 fers?
748 1410 814 1474 tuis
830 1407 971 1492 dignum
987 1409 1082 1474 sactis
1097 1409 1223 1483 seceris,

424 1515 473 1580 Vt
502 1513 599 1578 amici
630 1515 715 1579 inter
744 1533 806 1578 nos
836 1511 951 1578 simus.
1004 1513 1071 1576 DE.
1110 1511 1209 1596 Egon
1239 1523 1331 1577 tuam
1360 1512 1418 1578 έκ-

492 1629 604 1702 petam
1420 1675 1426 1689 .

425 1721 641 1787 Amicitiam?
665 1731 722 1787 aut
736 1731 769 1788 te
786 1717 896 1786 uisum
913 1731 970 1786 aut
985 1718 1135 1785 auditdm
1152 1721 1274 1786 uelim?
1473 1728 1505 1795 85

340 1825 403 1890 ΡΗ.
428 1825 465 1891 Si
481 1823 700 1890 cdneordabis
717 1845 794 1890 cum
810 1823 877 1900 illa,
894 1824 1035 1889 habebis
1050 1824 1137 1907 quae
1151 1833 1244 1888 tuam

426 1927 640 1995 Senectutem
657 1929 819 1994 oblectet:
848 1929 976 2012 rdspice
992 1929 1135 1992 aetatem
1150 1938 1254 1992 tuam.

250 2033 314 2099 435
337 2035 401 2099 Du.
425 2033 476 2098 Te
491 2033 648 2109 oblectet,
663 2034 724 2098 tibi
740 2032 836 2098 habe.
883 2034 947 2096 ΡΗ.
973 2030 1089 2097 Minue
1104 2051 1186 2096 uero
1203 2032 1292 2096 iram

490 2136 555 2201 De„
583 2135 660 2201 Hdc
676 2157 756 2220 age:

427 2239 516 2306 Satis
532 2239 597 2306 idm
614 2241 845 2306 uerborumst:
868 2238 930 2304 nisi
946 2250 982 2306 tu
999 2260 1161 2324 properas
1177 2237 1349 2305 miilierem

424 2342 616 2421 Abddcere,
634 2366 699 2428 ego
716 2345 805 2409 illam
821 2343 950 2410 eiciam.
996 2345 1078 2420 dixi,
1094 2341 1260 2408 Phdrmio.
1471 2367 1503 2416 ⁹0

338 2449 401 2514 ΡΗ.
422 2447 458 2516 Si
474 2459 510 2514 tu
527 2447 617 2512 illam
643 2449 791 2533 attigeris
816 2449 912 2513 secus
939 2469 1041 2533 quam
1066 2448 1238 2532 dignumst
1267 2449 1414 2526 liberam,

424 2550 545 2619 Dicdm
561 2554 621 2619 tibi
637 2554 809 2637 inpingam
826 2551 999 2638 grindem.
1046 2554 1128 2628 dixi,
1145 2552 1326 2637 Demipho.
1425 2611 1429 2616 .

250 2656 314 2721 440
424 2656 461 2724 Si
495 2655 575 2742 quid
608 2677 695 2741 opus
730 2656 837 2733 suerit,
869 2654 962 2734 heus,
993 2658 1097 2721 domo
1130 2676 1194 2723 me.
1255 2655 1319 2721 GE.
1359 2657 1414 2722 In·

488 2761 621 2845 tdllego.

351 3081 528 3145 Dum-nmo
603 3079 705 3145 Gem
898 3080 1022 3146 Hnmo
1060 3082 1246 3149 cnmnvs
1284 3084 1401 3151 Cnino

389 3212 491 3254 SENEX
598 3212 715 3255 SERVOS
1036 3215 1197 3259 Anvocffl
1234 3216 1271 3257 111

335 3381 401 3445 Du.
422 3376 557 3462 Quanta
573 3400 626 3443 me
643 3400 722 3443 cura
737 3389 773 3446 et
786 3378 1008 3446 sdllicitudine
1023 3381 1138 3448 {adficit
1376 3444 1379 3453 .
1431 3384 1501 3464 114

422 3480 561 3557 Gnati'is,
578 3484 635 3567 qui
652 3503 706 3547 me
722 3494 807 3549 etse
823 3484 916 3549 hisce
932 3484 1096 3570 inpediuit
1112 3483 1254 3571 nuptiis!

419 3588 539 3670 Neque
555 3587 600 3650 mi
616 3585 649 3651 in
666 3598 885 3672 conspectum
902 3587 1023 3673 prddit,
1039 3600 1077 3655 ut
1091 3590 1208 3655 saltem
1224 3592 1339 3668 sciam,

420 3688 511 3773 Quid
527 3692 570 3755 de
586 3688 626 3755 ea
642 3712 677 3756 re
694 3692 783 3756 dicat
798 3690 924 3775 quidue
940 3692 983 3756 sit
998 3694 1189 3760 sententiae.

244 3796 307 3859 445
419 3792 501 3869 Abi,
516 3791 588 3858 uise
605 3792 780 3860 redieritne
796 3794 1008 3860 iamannon
1024 3793 1105 3861 dum
1121 3799 1271 3865 domum.
1486 3821 1500 3873 5

333 3897 396 3965 Gn.
421 3895 483 3962 Εό.
494 3934 540 3945 -
550 3899 618 3962 ΒΕ.
640 3897 771 3963 Videtis
787 3919 856 3982 quo
873 3898 906 3963 in
921 3899 999 3964 loco
1014 3920 1067 3965 res
1082 3901 1165 3966 haec
1180 3904 1262 3968 siet:

420 4000 513 4084 Quid
527 4000 617 4084 Ago?
640 4003 703 4076 dic,
722 4001 844 4085 Hegio.
872 4001 941 4068 ΗΕ.
967 3990 1065 4086 Ego?
1089 4005 1260 4071 Cratinum
1278 4009 1410 4083 censeo,

420 4106 456 4173 Si
487 4104 546 4171 tibi
577 4105 718 4172 uidetur.
770 4107 838 4171 Du.
877 4106 953 4184 Die,
984 4106 1129 4174 Cratine.
1184 4110 1271 4176 CRA.
1310 4112 1411 4178 Mene

485 4210 557 4275 uis?
