<?xml version="1.0" encoding="UTF-8"?>
<!DOCTYPE html PUBLIC "-//W3C//DTD XHTML 1.0 Transitional//EN"
    "http://www.w3.org/TR/xhtml1/DTD/xhtml1-transitional.dtd">
<html xmlns="http://www.w3.org/1999/xhtml" xml:lang="en" lang="en">
 <head>
  <title>
</title>
<meta http-equiv="Content-Type" content="text/html;charset=utf-8" />
  <meta name='ocr-system' content='tesseract 3.04.00' />
  <meta name='ocr-capabilities' content='ocr_page ocr_carea ocr_par ocr_line ocrx_word'/>
</head>
<body>
  <div class='ocr_page' id='page_1' title='image "./pterentiafripho01greegoog/pterentiafripho01greegoog_0058.png"; bbox 0 0 3409 5050; ppageno 0'>
   <div class='ocr_carea' id='block_1_1' title="bbox 255 409 1090 498">
    <p class='ocr_par' dir='ltr' id='par_1_1' title="bbox 255 409 1090 498">
     <span class='ocr_line' id='line_1_1' title="bbox 255 409 1090 498; baseline 0 -32"><span class='ocrx_word' id='word_1_1' title='bbox 255 435 298 498; x_wconf 86' lang='lat'>34</span> <span class='ocrx_word' id='word_1_2' title='bbox 673 413 859 468; x_wconf 66' lang='lat' dir='ltr'>Tonanti</span> <span class='ocrx_word' id='word_1_3' title='bbox 889 409 1090 468; x_wconf 76' lang='lat' dir='ltr'>Pnonuro.</span> 
     </span>
    </p>
   </div>
   <div class='ocr_carea' id='block_1_2' title="bbox 255 599 1510 2123">
    <p class='ocr_par' dir='ltr' id='par_1_2' title="bbox 255 599 1510 2123">
     <span class='ocr_line' id='line_1_2' title="bbox 342 599 1509 686; baseline -0.003 -20"><span class='ocrx_word' id='word_1_4' title='bbox 342 601 406 666; x_wconf 78' lang='lat' dir='ltr'>Gn.</span> <span class='ocrx_word' id='word_1_5' title='bbox 433 599 553 686; x_wconf 84' lang='lat' dir='ltr'>Pergin</span> <span class='ocrx_word' id='word_1_6' title='bbox 569 622 626 666; x_wconf 91' lang='lat' dir='ltr'>ero</span> <span class='ocrx_word' id='word_1_7' title='bbox 643 601 772 666; x_wconf 87' lang='lat' dir='ltr'>absenti</span> <span class='ocrx_word' id='word_1_8' title='bbox 790 599 876 665; x_wconf 80' lang='lat' dir='ltr'>male</span> <span class='ocrx_word' id='word_1_9' title='bbox 892 601 994 685; x_wconf 90' lang='lat' dir='ltr'>loqui,</span> <span class='ocrx_word' id='word_1_10' title='bbox 1012 600 1257 685; x_wconf 86' lang='lat' dir='ltr'>inpurissume?</span> <span class='ocrx_word' id='word_1_11' title='bbox 1479 626 1509 678; x_wconf 78' lang='lat'>²5</span> 
     </span>
     <span class='ocr_line' id='line_1_3' title="bbox 343 702 1420 788; baseline -0.001 -18"><span class='ocrx_word' id='word_1_12' title='bbox 343 706 405 771; x_wconf 89' lang='grc' dir='ltr'>ΡΗ.</span> <span class='ocrx_word' id='word_1_13' title='bbox 430 706 582 788; x_wconf 86' lang='lat' dir='ltr'>Dignum</span> <span class='ocrx_word' id='word_1_14' title='bbox 602 702 714 769; x_wconf 80' lang='lat' dir='ltr'>adtem</span> <span class='ocrx_word' id='word_1_15' title='bbox 735 705 801 768; x_wconf 90' lang='lat' dir='ltr'>hoc</span> <span class='ocrx_word' id='word_1_16' title='bbox 823 703 921 770; x_wconf 90' lang='lat' dir='ltr'>illost.</span> <span class='ocrx_word' id='word_1_17' title='bbox 967 703 1032 769; x_wconf 75' lang='lat' dir='ltr'>GE.</span> <span class='ocrx_word' id='word_1_18' title='bbox 1055 704 1125 769; x_wconf 91' lang='lat' dir='ltr'>Aln</span> <span class='ocrx_word' id='word_1_19' title='bbox 1146 716 1264 782; x_wconf 73' lang='lat' dir='ltr'>mmm,</span> <span class='ocrx_word' id='word_1_20' title='bbox 1287 704 1420 770; x_wconf 74' lang='lat' dir='ltr'>carcer?</span> 
     </span>
     <span class='ocr_line' id='line_1_4' title="bbox 495 807 683 874; baseline 0.011 -2"><span class='ocrx_word' id='word_1_21' title='bbox 495 808 561 873; x_wconf 83' lang='lat' dir='ltr'>DE.</span> <span class='ocrx_word' id='word_1_22' title='bbox 587 807 683 874; x_wconf 87' lang='lat' dir='ltr'>Geta.</span> 
     </span>
     <span class='ocr_line' id='line_1_5' title="bbox 343 910 1421 995; baseline 0 -17"><span class='ocrx_word' id='word_1_23' title='bbox 343 914 406 978; x_wconf 79' lang='lat' dir='ltr'>GE.</span> <span class='ocrx_word' id='word_1_24' title='bbox 430 911 601 977; x_wconf 80' lang='lat' dir='ltr'>Bonorum</span> <span class='ocrx_word' id='word_1_25' title='bbox 632 921 794 988; x_wconf 82' lang='lat' dir='ltr'>extortor,</span> <span class='ocrx_word' id='word_1_26' title='bbox 826 912 939 995; x_wconf 72' lang='lat' dir='ltr'>legum</span> <span class='ocrx_word' id='word_1_27' title='bbox 973 910 1162 977; x_wconf 80' lang='lat' dir='ltr'>contortor!</span> <span class='ocrx_word' id='word_1_28' title='bbox 1221 914 1286 976; x_wconf 69' lang='lat' dir='ltr'>Du</span> <span class='ocrx_word' id='word_1_29' title='bbox 1326 911 1421 978; x_wconf 88' lang='lat' dir='ltr'>Geta.</span> 
     </span>
     <span class='ocr_line' id='line_1_6' title="bbox 255 1014 1420 1102; baseline -0.002 -20"><span class='ocrx_word' id='word_1_30' title='bbox 255 1019 317 1084; x_wconf 81' lang='lat'>375</span> <span class='ocrx_word' id='word_1_31' title='bbox 342 1019 406 1082; x_wconf 98' lang='grc' dir='ltr'>ΡΗ.</span> <span class='ocrx_word' id='word_1_32' title='bbox 431 1016 619 1102; x_wconf 86' lang='lat' dir='ltr'>Respdnde.</span> <span class='ocrx_word' id='word_1_33' title='bbox 668 1015 731 1081; x_wconf 71' lang='lat' dir='ltr'>GE.</span> <span class='ocrx_word' id='word_1_34' title='bbox 764 1014 851 1099; x_wconf 85' lang='lat' dir='ltr'>Quis</span> <span class='ocrx_word' id='word_1_35' title='bbox 874 1016 1031 1080; x_wconf 83' lang='lat' dir='ltr'>homost?</span> <span class='ocrx_word' id='word_1_36' title='bbox 1061 1016 1169 1081; x_wconf 70' lang='lat' dir='ltr'>ehem.</span> <span class='ocrx_word' id='word_1_37' title='bbox 1216 1016 1283 1080; x_wconf 75' lang='lat' dir='ltr'>Du.</span> <span class='ocrx_word' id='word_1_38' title='bbox 1318 1015 1420 1080; x_wconf 87' lang='lat' dir='ltr'><strong>Tace.</strong></span> 
     </span>
     <span class='ocr_line' id='line_1_7' title="bbox 495 1119 808 1186; baseline -0.01 0"><span class='ocrx_word' id='word_1_39' title='bbox 495 1121 559 1186; x_wconf 73' lang='lat' dir='ltr'>GE.</span> <span class='ocrx_word' id='word_1_40' title='bbox 583 1119 730 1186; x_wconf 87' lang='lat' dir='ltr'>Absenti</span> <span class='ocrx_word' id='word_1_41' title='bbox 746 1120 808 1184; x_wconf 92' lang='lat' dir='ltr'>tibi</span> 
     </span>
     <span class='ocr_line' id='line_1_8' title="bbox 427 1223 1136 1310; baseline -0.001 -20"><span class='ocrx_word' id='word_1_42' title='bbox 427 1227 477 1290; x_wconf 90' lang='lat' dir='ltr'>Te</span> <span class='ocrx_word' id='word_1_43' title='bbox 492 1223 646 1309; x_wconf 84' lang='lat' dir='ltr'>indignas</span> <span class='ocrx_word' id='word_1_44' title='bbox 662 1245 765 1310; x_wconf 90' lang='lat' dir='ltr'>seque</span> <span class='ocrx_word' id='word_1_45' title='bbox 782 1223 901 1308; x_wconf 86' lang='lat' dir='ltr'>dignas</span> <span class='ocrx_word' id='word_1_46' title='bbox 917 1224 1136 1290; x_wconf 74' lang='lat' dir='ltr'>contumelias</span> 
     </span>
     <span class='ocr_line' id='line_1_9' title="bbox 428 1327 1509 1414; baseline 0 -21"><span class='ocrx_word' id='word_1_47' title='bbox 428 1329 623 1414; x_wconf 73' lang='lat' dir='ltr'>Numqudm</span> <span class='ocrx_word' id='word_1_48' title='bbox 639 1329 783 1394; x_wconf 89' lang='lat' dir='ltr'>cessauit</span> <span class='ocrx_word' id='word_1_49' title='bbox 798 1327 910 1394; x_wconf 85' lang='lat' dir='ltr'>dicere</span> <span class='ocrx_word' id='word_1_50' title='bbox 926 1329 1037 1394; x_wconf 89' lang='lat' dir='ltr'>hodie.</span> <span class='ocrx_word' id='word_1_51' title='bbox 1084 1331 1152 1394; x_wconf 75' lang='lat' dir='ltr'>Du.</span> <span class='ocrx_word' id='word_1_52' title='bbox 1176 1329 1310 1395; x_wconf 74' lang='lat' dir='ltr'>Desine.</span> <span class='ocrx_word' id='word_1_53' title='bbox 1475 1353 1509 1404; x_wconf 81' lang='lat'>30</span> 
     </span>
     <span class='ocr_line' id='line_1_10' title="bbox 428 1431 1421 1518; baseline 0.002 -21"><span class='ocrx_word' id='word_1_54' title='bbox 428 1434 648 1510; x_wconf 74' lang='lat' dir='ltr'>Adulescens,</span> <span class='ocrx_word' id='word_1_55' title='bbox 672 1433 819 1518; x_wconf 88' lang='lat' dir='ltr'>primum</span> <span class='ocrx_word' id='word_1_56' title='bbox 843 1433 905 1498; x_wconf 91' lang='lat' dir='ltr'>abs</span> <span class='ocrx_word' id='word_1_57' title='bbox 927 1443 961 1497; x_wconf 85' lang='lat' dir='ltr'>te</span> <span class='ocrx_word' id='word_1_58' title='bbox 987 1431 1052 1497; x_wconf 86' lang='lat' dir='ltr'>hde</span> <span class='ocrx_word' id='word_1_59' title='bbox 1082 1433 1172 1497; x_wconf 87' lang='lat' dir='ltr'>bona</span> <span class='ocrx_word' id='word_1_60' title='bbox 1202 1432 1300 1498; x_wconf 76' lang='lat' dir='ltr'>uenid</span> <span class='ocrx_word' id='word_1_61' title='bbox 1331 1444 1421 1518; x_wconf 79' lang='lat' dir='ltr'>pete,</span> 
     </span>
     <span class='ocr_line' id='line_1_11' title="bbox 429 1535 1222 1623; baseline -0.001 -20"><span class='ocrx_word' id='word_1_62' title='bbox 429 1538 465 1603; x_wconf 90' lang='lat' dir='ltr'>Si</span> <span class='ocrx_word' id='word_1_63' title='bbox 481 1537 540 1603; x_wconf 88' lang='lat' dir='ltr'>tlbi</span> <span class='ocrx_word' id='word_1_64' title='bbox 557 1538 689 1623; x_wconf 90' lang='lat' dir='ltr'>placere</span> <span class='ocrx_word' id='word_1_65' title='bbox 705 1536 793 1623; x_wconf 77' lang='lat' dir='ltr'>potis</span> <span class='ocrx_word' id='word_1_66' title='bbox 808 1547 870 1612; x_wconf 85' lang='lat' dir='ltr'>est,</span> <span class='ocrx_word' id='word_1_67' title='bbox 887 1538 932 1601; x_wconf 93' lang='lat' dir='ltr'>mi</span> <span class='ocrx_word' id='word_1_68' title='bbox 949 1547 987 1601; x_wconf 89' lang='lat' dir='ltr'>ut</span> <span class='ocrx_word' id='word_1_69' title='bbox 1002 1535 1222 1620; x_wconf 80' lang='lat' dir='ltr'>respondeas:</span> 
     </span>
     <span class='ocr_line' id='line_1_12' title="bbox 431 1639 1411 1733; baseline -0.002 -26"><span class='ocrx_word' id='word_1_70' title='bbox 431 1641 542 1724; x_wconf 85' lang='lat' dir='ltr'>Quem</span> <span class='ocrx_word' id='word_1_71' title='bbox 559 1641 705 1707; x_wconf 86' lang='lat' dir='ltr'>amicum</span> <span class='ocrx_word' id='word_1_72' title='bbox 721 1653 816 1706; x_wconf 90' lang='lat' dir='ltr'>tuom</span> <span class='ocrx_word' id='word_1_73' title='bbox 833 1653 882 1706; x_wconf 82' lang='lat' dir='ltr'>als</span> <span class='ocrx_word' id='word_1_74' title='bbox 898 1640 1000 1706; x_wconf 85' lang='lat' dir='ltr'>sulsse</span> <span class='ocrx_word' id='word_1_75' title='bbox 1017 1642 1126 1716; x_wconf 87' lang='lat' dir='ltr'>istum,</span> <span class='ocrx_word' id='word_1_76' title='bbox 1143 1639 1291 1725; x_wconf 77' lang='lat' dir='ltr'>explana</span> <span class='ocrx_word' id='word_1_77' title='bbox 1408 1725 1411 1733; x_wconf 25' lang='grc'>1</span> 
     </span>
     <span class='ocr_line' id='line_1_13' title="bbox 496 1747 588 1822; baseline 0 -12"><span class='ocrx_word' id='word_1_78' title='bbox 496 1747 588 1822; x_wconf 88' lang='lat' dir='ltr'>mihi,</span> 
     </span>
     <span class='ocr_line' id='line_1_14' title="bbox 431 1848 1137 1935; baseline 0 -21"><span class='ocrx_word' id='word_1_79' title='bbox 431 1850 477 1915; x_wconf 90' lang='lat' dir='ltr'>Et</span> <span class='ocrx_word' id='word_1_80' title='bbox 491 1849 550 1935; x_wconf 94' lang='lat' dir='ltr'>qul</span> <span class='ocrx_word' id='word_1_81' title='bbox 565 1859 747 1933; x_wconf 82' lang='lat' dir='ltr'>cognatum</span> <span class='ocrx_word' id='word_1_82' title='bbox 763 1851 817 1914; x_wconf 72' lang='lat' dir='ltr'>me</span> <span class='ocrx_word' id='word_1_83' title='bbox 833 1850 896 1914; x_wconf 91' lang='lat' dir='ltr'>sibi</span> <span class='ocrx_word' id='word_1_84' title='bbox 912 1869 986 1914; x_wconf 89' lang='lat' dir='ltr'>esse</span> <span class='ocrx_word' id='word_1_85' title='bbox 1002 1848 1137 1914; x_wconf 89' lang='lat' dir='ltr'>dlceret.</span> 
     </span>
     <span class='ocr_line' id='line_1_15' title="bbox 345 1951 1510 2039; baseline 0 -20"><span class='ocrx_word' id='word_1_86' title='bbox 345 1953 407 2019; x_wconf 82' lang='lat' dir='ltr'>PH.</span> <span class='ocrx_word' id='word_1_87' title='bbox 430 1953 573 2020; x_wconf 87' lang='lat' dir='ltr'>Proinde</span> <span class='ocrx_word' id='word_1_88' title='bbox 589 1954 763 2039; x_wconf 72' lang='lat' dir='ltr'>dxpiscare</span> <span class='ocrx_word' id='word_1_89' title='bbox 784 1951 879 2038; x_wconf 77' lang='lat' dir='ltr'>qudsi</span> <span class='ocrx_word' id='word_1_90' title='bbox 900 1973 968 2017; x_wconf 91' lang='lat' dir='ltr'>non</span> <span class='ocrx_word' id='word_1_91' title='bbox 989 1973 1115 2017; x_wconf 89' lang='lat' dir='ltr'>nosses.</span> <span class='ocrx_word' id='word_1_92' title='bbox 1162 1955 1228 2019; x_wconf 74' lang='lat' dir='ltr'>DE.</span> <span class='ocrx_word' id='word_1_93' title='bbox 1253 1952 1417 2019; x_wconf 84' lang='lat' dir='ltr'>Ndssem?</span> <span class='ocrx_word' id='word_1_94' title='bbox 1478 1978 1510 2030; x_wconf 83' lang='lat'>35</span> 
     </span>
     <span class='ocr_line' id='line_1_16' title="bbox 495 2058 646 2123; baseline -0.007 -2"><span class='ocrx_word' id='word_1_95' title='bbox 495 2059 559 2123; x_wconf 84' lang='lat' dir='ltr'>PH.</span> <span class='ocrx_word' id='word_1_96' title='bbox 584 2058 646 2123; x_wconf 87' lang='lat' dir='ltr'>Ita.</span> 
     </span>
    </p>
   </div>
   <div class='ocr_carea' id='block_1_3' title="bbox 256 2160 1420 2453">
    <p class='ocr_par' dir='ltr' id='par_1_3' title="bbox 256 2160 1420 2453">
     <span class='ocr_line' id='line_1_17' title="bbox 343 2160 1305 2246; baseline -0.003 -20"><span class='ocrx_word' id='word_1_97' title='bbox 343 2163 410 2227; x_wconf 77' lang='lat' dir='ltr'>Du.</span> <span class='ocrx_word' id='word_1_98' title='bbox 433 2161 510 2246; x_wconf 83' lang='lat' dir='ltr'>Ego</span> <span class='ocrx_word' id='word_1_99' title='bbox 526 2163 579 2226; x_wconf 78' lang='lat' dir='ltr'>me</span> <span class='ocrx_word' id='word_1_100' title='bbox 595 2183 706 2245; x_wconf 83' lang='lat' dir='ltr'>nego:</span> <span class='ocrx_word' id='word_1_101' title='bbox 727 2171 762 2228; x_wconf 93' lang='lat' dir='ltr'>tu</span> <span class='ocrx_word' id='word_1_102' title='bbox 780 2160 839 2245; x_wconf 91' lang='lat' dir='ltr'>qul</span> <span class='ocrx_word' id='word_1_103' title='bbox 854 2173 903 2225; x_wconf 78' lang='lat' dir='ltr'>als</span> <span class='ocrx_word' id='word_1_104' title='bbox 919 2161 1034 2243; x_wconf 83' lang='lat' dir='ltr'>redige</span> <span class='ocrx_word' id='word_1_105' title='bbox 1051 2160 1083 2224; x_wconf 92' lang='lat' dir='ltr'>in</span> <span class='ocrx_word' id='word_1_106' title='bbox 1101 2161 1305 2226; x_wconf 74' lang='lat' dir='ltr'>memoriam.</span> 
     </span>
     <span class='ocr_line' id='line_1_18' title="bbox 342 2253 1420 2342; baseline -0.001 -11"><span class='ocrx_word' id='word_1_107' title='bbox 342 2268 406 2331; x_wconf 84' lang='lat' dir='ltr'>PH.</span> <span class='ocrx_word' id='word_1_108' title='bbox 431 2266 508 2332; x_wconf 89' lang='lat' dir='ltr'>Eho</span> <span class='ocrx_word' id='word_1_109' title='bbox 538 2263 586 2342; x_wconf 81' lang='lat' dir='ltr'>td,</span> <span class='ocrx_word' id='word_1_110' title='bbox 609 2267 781 2331; x_wconf 89' lang='lat' dir='ltr'>sobrinum</span> <span class='ocrx_word' id='word_1_111' title='bbox 812 2262 906 2330; x_wconf 85' lang='lat' dir='ltr'>tudm</span> <span class='ocrx_word' id='word_1_112' title='bbox 930 2285 998 2329; x_wconf 90' lang='lat' dir='ltr'>non</span> <span class='ocrx_word' id='word_1_113' title='bbox 1022 2271 1142 2329; x_wconf 82' lang='lat' dir='ltr'>noras?</span> <span class='ocrx_word' id='word_1_114' title='bbox 1188 2264 1255 2329; x_wconf 79' lang='lat' dir='ltr'>Du.</span> <span class='ocrx_word' id='word_1_115' title='bbox 1287 2253 1420 2330; x_wconf 78' lang='lat' dir='ltr'>Enicas,</span> 
     </span>
     <span class='ocr_line' id='line_1_19' title="bbox 256 2367 1420 2453; baseline 0.001 -19"><span class='ocrx_word' id='word_1_116' title='bbox 256 2370 317 2434; x_wconf 87' lang='grc'>385</span> <span class='ocrx_word' id='word_1_117' title='bbox 430 2371 494 2434; x_wconf 89' lang='lat' dir='ltr'>Dic</span> <span class='ocrx_word' id='word_1_118' title='bbox 526 2367 655 2435; x_wconf 86' lang='lat' dir='ltr'>ndmen.</span> <span class='ocrx_word' id='word_1_119' title='bbox 714 2368 774 2434; x_wconf 88' lang='grc' dir='ltr'>ΡΗ.</span> <span class='ocrx_word' id='word_1_120' title='bbox 806 2370 964 2433; x_wconf 82' lang='lat' dir='ltr'>Nomen?</span> <span class='ocrx_word' id='word_1_121' title='bbox 1009 2367 1176 2433; x_wconf 88' lang='lat' dir='ltr'>ma&#39;xome.</span> <span class='ocrx_word' id='word_1_122' title='bbox 1231 2369 1297 2434; x_wconf 75' lang='lat' dir='ltr'>DE.</span> <span class='ocrx_word' id='word_1_123' title='bbox 1329 2368 1420 2453; x_wconf 85' lang='lat' dir='ltr'>Quid</span> 
     </span>
    </p>
   </div>
   <div class='ocr_carea' id='block_1_4' title="bbox 252 2470 1509 4202">
    <p class='ocr_par' dir='ltr' id='par_1_4' title="bbox 252 2470 1509 4202">
     <span class='ocr_line' id='line_1_20' title="bbox 496 2470 711 2539; baseline 0.009 -2"><span class='ocrx_word' id='word_1_124' title='bbox 496 2470 583 2538; x_wconf 81' lang='lat' dir='ltr'>minc</span> <span class='ocrx_word' id='word_1_125' title='bbox 599 2473 711 2539; x_wconf 78' lang='lat' dir='ltr'>taces?</span> 
     </span>
     <span class='ocr_line' id='line_1_21' title="bbox 342 2573 1421 2664; baseline 0 -21"><span class='ocrx_word' id='word_1_126' title='bbox 342 2580 405 2643; x_wconf 89' lang='grc' dir='ltr'>ΡΗ.</span> <span class='ocrx_word' id='word_1_127' title='bbox 430 2580 514 2643; x_wconf 89' lang='lat' dir='ltr'>Perii</span> <span class='ocrx_word' id='word_1_128' title='bbox 545 2578 665 2652; x_wconf 76' lang='lat' dir='ltr'>hercle,</span> <span class='ocrx_word' id='word_1_129' title='bbox 696 2598 819 2641; x_wconf 88' lang='lat' dir='ltr'>nomen</span> <span class='ocrx_word' id='word_1_130' title='bbox 850 2578 991 2662; x_wconf 76' lang='lat' dir='ltr'>perdidi,</span> <span class='ocrx_word' id='word_1_131' title='bbox 1048 2578 1116 2643; x_wconf 76' lang='lat' dir='ltr'>DE.</span> <span class='ocrx_word' id='word_1_132' title='bbox 1159 2573 1287 2664; x_wconf 89' lang='lat' dir='ltr'>[Hem]</span> <span class='ocrx_word' id='word_1_133' title='bbox 1329 2578 1421 2661; x_wconf 85' lang='lat' dir='ltr'>Quid</span> 
     </span>
     <span class='ocr_line' id='line_1_22' title="bbox 494 2680 793 2755; baseline -0.007 -8"><span class='ocrx_word' id='word_1_134' title='bbox 494 2682 564 2747; x_wconf 79' lang='lat' dir='ltr'>als?</span> <span class='ocrx_word' id='word_1_135' title='bbox 610 2683 671 2746; x_wconf 94' lang='grc' dir='ltr'>ΡΗ.</span> <span class='ocrx_word' id='word_1_136' title='bbox 696 2680 793 2755; x_wconf 88' lang='lat' dir='ltr'>Geta,</span> 
     </span>
     <span class='ocr_line' id='line_1_23' title="bbox 430 2783 1509 2868; baseline -0.004 -18"><span class='ocrx_word' id='word_1_137' title='bbox 430 2786 465 2851; x_wconf 90' lang='lat' dir='ltr'>Si</span> <span class='ocrx_word' id='word_1_138' title='bbox 483 2786 661 2850; x_wconf 75' lang='lat' dir='ltr'>meministi</span> <span class='ocrx_word' id='word_1_139' title='bbox 679 2786 711 2849; x_wconf 93' lang='lat' dir='ltr'>id</span> <span class='ocrx_word' id='word_1_140' title='bbox 728 2786 820 2868; x_wconf 92' lang='lat' dir='ltr'>quod</span> <span class='ocrx_word' id='word_1_141' title='bbox 836 2783 916 2849; x_wconf 78' lang='lat' dir='ltr'>olim</span> <span class='ocrx_word' id='word_1_142' title='bbox 932 2786 1101 2861; x_wconf 87' lang='lat' dir='ltr'>dictumst,</span> <span class='ocrx_word' id='word_1_143' title='bbox 1118 2783 1241 2851; x_wconf 82' lang='lat' dir='ltr'>sdbice.</span> <span class='ocrx_word' id='word_1_144' title='bbox 1266 2786 1355 2862; x_wconf 89' lang='lat' dir='ltr'>hem,</span> <span class='ocrx_word' id='word_1_145' title='bbox 1477 2812 1509 2858; x_wconf 84' lang='lat'>40</span> 
     </span>
     <span class='ocr_line' id='line_1_24' title="bbox 431 2886 1420 2973; baseline -0.001 -19"><span class='ocrx_word' id='word_1_146' title='bbox 431 2889 511 2954; x_wconf 91' lang='lat' dir='ltr'>Non</span> <span class='ocrx_word' id='word_1_147' title='bbox 533 2890 628 2954; x_wconf 93' lang='lat' dir='ltr'>dlco:</span> <span class='ocrx_word' id='word_1_148' title='bbox 663 2890 758 2972; x_wconf 91' lang='lat' dir='ltr'>quasi</span> <span class='ocrx_word' id='word_1_149' title='bbox 783 2909 850 2952; x_wconf 91' lang='lat' dir='ltr'>non</span> <span class='ocrx_word' id='word_1_150' title='bbox 882 2886 1006 2965; x_wconf 85' lang='lat' dir='ltr'>ndsses,</span> <span class='ocrx_word' id='word_1_151' title='bbox 1037 2900 1238 2973; x_wconf 86' lang='lat' dir='ltr'>temptatum</span> <span class='ocrx_word' id='word_1_152' title='bbox 1268 2888 1420 2956; x_wconf 73' lang='lat' dir='ltr'>dduenis.</span> 
     </span>
     <span class='ocr_line' id='line_1_25' title="bbox 342 2990 1419 3078; baseline 0 -20"><span class='ocrx_word' id='word_1_153' title='bbox 342 2994 406 3059; x_wconf 79' lang='lat' dir='ltr'>Du.</span> <span class='ocrx_word' id='word_1_154' title='bbox 431 2994 507 3076; x_wconf 85' lang='lat' dir='ltr'>Ego</span> <span class='ocrx_word' id='word_1_155' title='bbox 526 2991 637 3057; x_wconf 76' lang='lat' dir='ltr'>autem</span> <span class='ocrx_word' id='word_1_156' title='bbox 660 2998 813 3076; x_wconf 86' lang='lat' dir='ltr'>tempto?</span> <span class='ocrx_word' id='word_1_157' title='bbox 859 2991 923 3057; x_wconf 75' lang='lat' dir='ltr'>Ga.</span> <span class='ocrx_word' id='word_1_158' title='bbox 950 2990 1066 3075; x_wconf 83' lang='lat' dir='ltr'>Stilpo.</span> <span class='ocrx_word' id='word_1_159' title='bbox 1113 2991 1176 3056; x_wconf 88' lang='grc' dir='ltr'>ΡΗ.</span> <span class='ocrx_word' id='word_1_160' title='bbox 1201 2994 1317 3078; x_wconf 88' lang='lat' dir='ltr'>Atque</span> <span class='ocrx_word' id='word_1_161' title='bbox 1333 2996 1419 3058; x_wconf 89' lang='lat' dir='ltr'>adeo</span> 
     </span>
     <span class='ocr_line' id='line_1_26' title="bbox 495 3097 688 3180; baseline 0.005 -20"><span class='ocrx_word' id='word_1_162' title='bbox 495 3097 576 3180; x_wconf 92' lang='lat' dir='ltr'>quld</span> <span class='ocrx_word' id='word_1_163' title='bbox 593 3103 688 3161; x_wconf 82' lang='lat' dir='ltr'>mea?</span> 
     </span>
     <span class='ocr_line' id='line_1_27' title="bbox 254 3198 1421 3286; baseline 0.001 -21"><span class='ocrx_word' id='word_1_164' title='bbox 254 3202 317 3265; x_wconf 88' lang='grc'>390</span> <span class='ocrx_word' id='word_1_165' title='bbox 428 3198 571 3286; x_wconf 69' lang='lat' dir='ltr'>Stilpdst.</span> <span class='ocrx_word' id='word_1_166' title='bbox 634 3201 700 3265; x_wconf 76' lang='lat' dir='ltr'>DE.</span> <span class='ocrx_word' id='word_1_167' title='bbox 741 3200 853 3283; x_wconf 88' lang='lat' dir='ltr'>Quem</span> <span class='ocrx_word' id='word_1_168' title='bbox 885 3201 992 3265; x_wconf 82' lang='lat' dir='ltr'>dixti?</span> <span class='ocrx_word' id='word_1_169' title='bbox 1053 3200 1115 3265; x_wconf 92' lang='grc' dir='ltr'>ΡΗ.</span> <span class='ocrx_word' id='word_1_170' title='bbox 1156 3199 1341 3285; x_wconf 72' lang='lat' dir='ltr'>Stilponem</span> <span class='ocrx_word' id='word_1_171' title='bbox 1372 3203 1421 3266; x_wconf 93' lang='lat' dir='ltr'>in·</span> 
     </span>
     <span class='ocr_line' id='line_1_28' title="bbox 494 3303 763 3388; baseline -0.015 -18"><span class='ocrx_word' id='word_1_172' title='bbox 494 3325 595 3388; x_wconf 91' lang='lat' dir='ltr'>quam</span> <span class='ocrx_word' id='word_1_173' title='bbox 612 3303 763 3369; x_wconf 83' lang='lat' dir='ltr'>ndueras.</span> 
     </span>
     <span class='ocr_line' id='line_1_29' title="bbox 341 3408 1420 3494; baseline 0.002 -22"><span class='ocrx_word' id='word_1_174' title='bbox 341 3408 408 3472; x_wconf 77' lang='lat' dir='ltr'>DE.</span> <span class='ocrx_word' id='word_1_175' title='bbox 431 3410 551 3491; x_wconf 88' lang='lat' dir='ltr'>Neque</span> <span class='ocrx_word' id='word_1_176' title='bbox 604 3410 671 3490; x_wconf 74' lang='lat' dir='ltr'>ego</span> <span class='ocrx_word' id='word_1_177' title='bbox 714 3409 806 3473; x_wconf 89' lang='lat' dir='ltr'>illum</span> <span class='ocrx_word' id='word_1_178' title='bbox 852 3429 969 3473; x_wconf 85' lang='lat' dir='ltr'>noram</span> <span class='ocrx_word' id='word_1_179' title='bbox 1016 3409 1124 3492; x_wconf 78' lang='lat' dir='ltr'>neque</span> <span class='ocrx_word' id='word_1_180' title='bbox 1166 3410 1212 3473; x_wconf 91' lang='lat' dir='ltr'>mi</span> <span class='ocrx_word' id='word_1_181' title='bbox 1258 3408 1420 3494; x_wconf 81' lang='lat' dir='ltr'>cognatds</span> 
     </span>
     <span class='ocr_line' id='line_1_30' title="bbox 493 3513 555 3577; baseline 0.016 -1"><span class='ocrx_word' id='word_1_182' title='bbox 493 3513 555 3577; x_wconf 81' lang='lat' dir='ltr'>fuit</span> 
     </span>
     <span class='ocr_line' id='line_1_31' title="bbox 429 3601 1508 3700; baseline 0.006 -19"><span class='ocrx_word' id='word_1_183' title='bbox 429 3616 618 3700; x_wconf 90' lang='lat' dir='ltr'>Quisquam</span> <span class='ocrx_word' id='word_1_184' title='bbox 642 3616 726 3682; x_wconf 90' lang='lat' dir='ltr'>lstoc</span> <span class='ocrx_word' id='word_1_185' title='bbox 748 3618 893 3681; x_wconf 88' lang='lat' dir='ltr'>nomine.</span> <span class='ocrx_word' id='word_1_186' title='bbox 929 3616 993 3681; x_wconf 89' lang='grc' dir='ltr'>ΡΗ.</span> <span class='ocrx_word' id='word_1_187' title='bbox 1019 3601 1135 3682; x_wconf 78' lang='lat' dir='ltr'>itane?</span> <span class='ocrx_word' id='word_1_188' title='bbox 1159 3638 1226 3683; x_wconf 89' lang='lat' dir='ltr'>non</span> <span class='ocrx_word' id='word_1_189' title='bbox 1247 3628 1281 3683; x_wconf 89' lang='lat' dir='ltr'>te</span> <span class='ocrx_word' id='word_1_190' title='bbox 1300 3616 1420 3682; x_wconf 82' lang='lat' dir='ltr'>hordm</span> <span class='ocrx_word' id='word_1_191' title='bbox 1477 3640 1508 3693; x_wconf 76' lang='lat' dir='ltr'>rs</span> 
     </span>
     <span class='ocr_line' id='line_1_32' title="bbox 493 3722 620 3804; baseline -0.008 -19"><span class='ocrx_word' id='word_1_192' title='bbox 493 3722 620 3804; x_wconf 82' lang='lat' dir='ltr'>pudet?</span> 
     </span>
     <span class='ocr_line' id='line_1_33' title="bbox 427 3823 1129 3909; baseline 0.001 -21"><span class='ocrx_word' id='word_1_193' title='bbox 427 3823 477 3890; x_wconf 89' lang='lat' dir='ltr'>At</span> <span class='ocrx_word' id='word_1_194' title='bbox 492 3823 520 3889; x_wconf 93' lang='lat' dir='ltr'>sl</span> <span class='ocrx_word' id='word_1_195' title='bbox 535 3826 697 3889; x_wconf 88' lang='lat' dir='ltr'>talentum</span> <span class='ocrx_word' id='word_1_196' title='bbox 714 3826 782 3889; x_wconf 74' lang='lat' dir='ltr'>rem</span> <span class='ocrx_word' id='word_1_197' title='bbox 799 3825 986 3909; x_wconf 75' lang='lat' dir='ltr'>reliquisset</span> <span class='ocrx_word' id='word_1_198' title='bbox 1000 3826 1129 3901; x_wconf 88' lang='lat' dir='ltr'>decem,</span> 
     </span>
     <span class='ocr_line' id='line_1_34' title="bbox 340 3927 1421 4013; baseline 0.002 -20"><span class='ocrx_word' id='word_1_199' title='bbox 340 3928 407 3993; x_wconf 77' lang='lat' dir='ltr'>Da.</span> <span class='ocrx_word' id='word_1_200' title='bbox 431 3930 474 3993; x_wconf 91' lang='lat' dir='ltr'>Di</span> <span class='ocrx_word' id='word_1_201' title='bbox 502 3927 562 3994; x_wconf 91' lang='lat' dir='ltr'>tlbi</span> <span class='ocrx_word' id='word_1_202' title='bbox 590 3928 817 3994; x_wconf 78' lang='lat' dir='ltr'>malefaciant!</span> <span class='ocrx_word' id='word_1_203' title='bbox 866 3930 928 3993; x_wconf 91' lang='grc' dir='ltr'>ΡΗ.</span> <span class='ocrx_word' id='word_1_204' title='bbox 961 3929 1088 4013; x_wconf 81' lang='lat' dir='ltr'>primus</span> <span class='ocrx_word' id='word_1_205' title='bbox 1112 3950 1202 3995; x_wconf 89' lang='lat' dir='ltr'>esses</span> <span class='ocrx_word' id='word_1_206' title='bbox 1230 3930 1421 3995; x_wconf 74' lang='lat' dir='ltr'>memoriter</span> 
     </span>
     <span class='ocr_line' id='line_1_35' title="bbox 252 4013 1419 4119; baseline 0.001 -22"><span class='ocrx_word' id='word_1_207' title='bbox 252 4033 314 4099; x_wconf 83' lang='lat'>395</span> <span class='ocrx_word' id='word_1_208' title='bbox 430 4032 628 4116; x_wconf 72' lang='lat' dir='ltr'>Progdniem</span> <span class='ocrx_word' id='word_1_209' title='bbox 653 4043 801 4097; x_wconf 83' lang='lat' dir='ltr'>nostram</span> <span class='ocrx_word' id='word_1_210' title='bbox 823 4052 930 4116; x_wconf 91' lang='lat' dir='ltr'>usque</span> <span class='ocrx_word' id='word_1_211' title='bbox 953 4030 997 4097; x_wconf 77' lang='lat' dir='ltr'>alb</span> <span class='ocrx_word' id='word_1_212' title='bbox 1018 4053 1083 4098; x_wconf 86' lang='lat' dir='ltr'>auo</span> <span class='ocrx_word' id='word_1_213' title='bbox 1107 4044 1208 4118; x_wconf 90' lang='lat' dir='ltr'>atque</span> <span class='ocrx_word' id='word_1_214' title='bbox 1226 4013 1327 4099; x_wconf 77' lang='lat' dir='ltr'>atauo</span> <span class='ocrx_word' id='word_1_215' title='bbox 1343 4032 1419 4119; x_wconf 81' lang='lat' dir='ltr'>prd-</span> 
     </span>
     <span class='ocr_line' id='line_1_36' title="bbox 493 4138 611 4202; baseline -0.017 0"><span class='ocrx_word' id='word_1_216' title='bbox 493 4138 611 4202; x_wconf 81' lang='lat' dir='ltr'>serens.</span> 
     </span>
    </p>
   </div>
   <div class='ocr_carea' id='block_1_5' title="bbox 0 0 1740 5050">
    <p class='ocr_par' dir='ltr' id='par_1_5' title="bbox 0 0 1740 5050">
     <span class='ocr_line' id='line_1_37' title="bbox 0 0 1740 5050; baseline 0 0"><span class='ocrx_word' id='word_1_217' title='bbox 0 0 1740 5050; x_wconf 95' lang='lat' dir='ltr'> </span> 
     </span>
    </p>
   </div>
  </div>
 </body>
</html>
