3409 5050
247 455 289 528 68
665 457 850 515 monn
879 461 1081 518 nnonnno.

334 649 402 717 ΕΗ.
422 649 510 716 Nom
537 671 624 736 quae
651 650 734 714 haec
761 671 843 716 anus
862 662 923 727 est,
946 653 1138 718 exanimata
1160 675 1180 718 a
1203 653 1302 719 frntre
1323 670 1411 739 quae
1484 675 1498 730 ς

485 761 764 846 εςτεεεέεῐιηεοῗ
805 821 806 826 ,

334 877 394 943 So.
419 875 521 960 Quod
544 885 583 940 ut
605 872 749 938 socerem
772 884 905 958 egestas
929 896 983 940 me
1006 875 1136 961 Inpulit,
1159 897 1265 962 quom
1289 876 1411 942 selrem

485 989 633 1052 infirmas
650 983 782 1069 nfiptias

421 1103 533 1166 Hasce
554 1102 635 1176 csse,
652 1110 689 1165 ut
711 1099 744 1163 id
766 1097 987 1177 considerem,
1005 1101 1130 1165 interea
1148 1100 1218 1166 usta
1234 1111 1270 1166 ut
1286 1103 1319 1165 in
1337 1099 1410 1167 tuto

485 1213 579 1278 soret.

248 1325 308 1392 7:35
333 1325 399 1392 ΕΗ.
423 1327 521 1392 Corte
542 1325 672 1408 edepol,
695 1324 757 1388 nisi
782 1343 836 1386 me
859 1320 990 1388 Animus
1011 1324 1094 1390 fallit
1114 1322 1172 1390 ant
1189 1346 1309 1409 parum
1333 1346 1410 1408 pro-

484 1437 630 1522 spiciunt
645 1435 744 1508 oculi,

421 1551 518 1616 Meae
549 1550 712 1614 nutricem
740 1545 860 1632 gnitae
885 1548 995 1612 uideo.
1043 1547 1103 1614 So,
1136 1549 1256 1632 Ncque
1282 1549 1336 1613 ille
1362 1549 1409 1612 in·

484 1661 676 1745 nestigdtun
716 1661 782 1726 ΕΗ.
808 1660 899 1744 Quid
916 1667 1004 1743 ago?

333 1775 391 1842 So.
415 1775 485 1858 Qui
507 1777 558 1838 ost
580 1777 651 1838 eius
675 1783 778 1857 pater.
824 1773 892 1839 ΕΗ.
924 1760 1035 1870 Ᾱρςο,
1060 1792 1190 1846 maneo,
1214 1774 1295 1837 dnm
1326 1772 1409 1836 hacc
1469 1794 1498 1830 ιο

483 1908 569 1970 qnae
585 1887 732 1970 loquitur
749 1883 854 1968 mogis
871 1891 1064 1968 cognosco?

332 1999 391 2066 80.
417 1997 517 2082 Quod
541 2000 568 2063 si
591 2017 668 2062 eum
692 2017 780 2062 nunc
806 1996 951 2080 reperire
974 1997 1113 2082 possim,
1137 1995 1220 2061 nIhil
1243 1999 1409 2081 estquod

483 2108 609 2175 uereor.
656 2109 723 2175 ΕΗ.
747 2110 829 2174 East
846 2110 918 2193 ipsa
928 2132 947 2181 z.

418 2220 620 2308 conloquar.
666 2221 726 2287 SO.
751 2220 836 2305 Quis
857 2222 912 2285 hic
933 2221 1100 2306 loquitur?
1128 2219 1195 2288 CH.
1220 2222 1406 2307 Sophrona„

483 2334 543 2400 SO.
569 2321 613 2400 Et
629 2353 741 2398 meum
758 2353 882 2398 nomen
898 2333 1068 2398 nominat?

245 2445 307 2514 740
331 2449 395 2514 ΕΗ.
418 2449 561 2531 Κέερὶεε
591 2449 634 2511 ad
665 2466 729 2511 me.
777 2445 837 2512 So,
877 2447 922 2510 Di
952 2445 1093 2512 obsecro
1122 2468 1198 2522 uos,
1228 2449 1322 2512 &stne
1353 2448 1408 2512 hic

484 2558 610 2642 Stilpo?
634 2558 701 2623 ΕΗ.
726 2556 813 2623 Non.
839 2558 900 2623 So,
924 2560 1060 2642 Negas?

331 2674 396 2738 ΕΗ.
416 2671 573 2737 Concede
603 2672 682 2735 hinc
712 2692 731 2737 a
766 2668 892 2736 foribus
928 2674 1064 2756 paulum
1104 2672 1259 2737 istorsum
1296 2675 1406 2747 sodes,
1481 2693 1486 2702 ·

481 2782 669 2867 Sophrona.

414 2898 467 2961 Ne
480 2917 532 2960 me
548 2894 633 2960 Istoc
649 2895 790 2980 posthac
807 2894 940 2961 nomine
956 2898 1160 2981 appellnssin
1207 2899 1267 2964 So,
1293 2896 1407 2981 Quid?
1466 2918 1494 2971 ις

481 3029 548 3072 non
563 3006 704 3072 obsecro
721 3030 757 3072 es

416 3120 528 3202 Quem
549 3121 681 3203 skmper
702 3130 735 3185 te
757 3140 829 3184 esse
849 3120 1027 3187 dictitasti?
1056 3122 1122 3186 CH.
1148 3121 1204 3188 St'.
1230 3121 1289 3188 So.
1315 3121 1406 3204 Quid

480 3232 540 3296 has
557 3230 677 3297 metuis
693 3231 801 3297 sores?

328 3346 396 3411 ΕΗ.
419 3342 621 3410 Conclfisam
644 3343 699 3407 hic
718 3345 828 3410 habeo
851 3344 990 3410 uxorem
1012 3367 1155 3410 saeuam.
1180 3347 1296 3411 uorum
1322 3347 1405 3410 istoc
1506 3353 1508 3358 '

434 3476 445 3494 ’
481 3478 533 3520 me
550 3454 683 3520 nornine

242 3570 303 3637 745
415 3570 466 3633 Eo
483 3570 659 3653 porper'am
676 3570 756 3635 olim
773 3569 854 3646 dlxi,
868 3591 910 3634 ne
923 3569 1077 3635 nossorte
1094 3571 1309 3655 inprudentcs
1326 3569 1405 3634 soris

414 3679 611 3746 Effi'nttiretis
640 3681 741 3766 fitque
773 3684 806 3747 id
837 3704 938 3767 porro
974 3684 1086 3766 aliqua
1120 3680 1207 3747 1'1xor
1242 3703 1317 3746 mea
1355 3702 1404 3746 re-

479 3794 645 3859 scisceret.

328 3906 389 3973 So.
415 3904 502 3972 Istoc
534 3908 591 3992 pol
623 3928 683 3971 nos
713 3917 746 3972 te
777 3907 831 3971 hic
863 3906 1010 3971 inuenire
1044 3905 1184 3972 miserae
1220 3927 1403 3990 numquam
1460 3929 1491 3965 zo

479 4018 658 4105 potuimus

329 4132 395 4199 ΕΗ.
417 4130 557 4198 Ehodsc
566 4131 657 4208 mihi,
666 4132 745 4217 quid
758 4129 804 4195 res
813 4131 906 4196 tibist
915 4152 992 4195 cum
1002 4130 1126 4196 {nmilia
1136 4131 1199 4195 hac
1210 4132 1298 4195 unde
1308 4131 1402 4195 cxis?
