3409 5050
240 396 282 472 48
659 389 846 446 TERENTI
875 391 1076 446 PHORMIO.

239 577 301 640 520
326 578 393 643 D0.
418 563 494 662 Ego
511 586 544 643 te
560 575 743 662 compluris
758 579 940 642 aduersum
956 578 1126 661 ingenium
1148 597 1261 643 meum
1283 578 1405 644 mensis
1462 600 1491 655 35

477 689 548 765 tuli,

412 800 652 867 Pdllicitantem
675 812 709 867 et
730 801 776 866 nil
801 801 973 877 serentem,
997 801 1149 880 flentem3
1176 823 1265 867 nunc
1288 815 1405 868 contra

476 911 588 978 dmnia
604 915 704 978 haec:

411 1026 558 1111 Repperi
584 1027 641 1110 qui
667 1026 724 1091 det
750 1046 859 1109 neque
884 1025 1061 1090 iactumet:
1091 1023 1135 1090 dt
1158 1026 1270 1090 locum
1292 1026 1403 1091 meliti

480 1139 580 1203 ribus.

322 1248 391 1314 AN.
414 1248 512 1316 certe
528 1250 649 1326 hercle,
666 1271 732 1334 ego
754 1252 780 1314 si
805 1249 884 1315 stitis
906 1252 1130 1325 commemini,
1147 1249 1207 1314 tibi
1232 1250 1402 1334 quidemst

475 1361 556 1427 oiim
580 1365 661 1438 dies,

411 1473 523 1557 Quam
552 1472 596 1539 id
626 1476 723 1539 dates
758 1475 847 1550 huic,
880 1475 1083 1558 praestituta„
1145 1475 1209 1539 PH.
1248 1473 1399 1542 Fictum.

475 1588 544 1651 Do.
569 1586 660 1650 Num
677 1607 742 1670 ego
759 1585 842 1652 istite
858 1595 969 1670 nego?

236 1697 297 1761 525
322 1697 392 1762 AN.
413 1698 483 1763 Iam
507 1700 547 1762 ea
574 1700 761 1780 praeteriit?
807 1701 877 1764 Do.
909 1699 996 1776 Ndn,
1024 1720 1141 1764 uerum
1168 1699 1251 1764 haec
1281 1711 1314 1764 el
1343 1698 1400 1764 in·
1456 1723 1490 1772 40

468 1811 610 1876 tecessit.
655 1812 726 1876 AN.
751 1811 827 1875 Ndn
843 1813 950 1896 pudet

407 1920 594 1987 Vinitatis?
624 1923 694 1988 Do.
727 1921 888 1999 minume,
920 1925 999 1988 dum
1023 1925 1069 1989 ob
1092 1945 1173 1989 rem.
1218 1922 1283 1988 Gn·
1314 1923 1400 1989 Ster-

473 2034 633 2099 culinum.
678 2035 741 2100 PH.
767 2033 883 2110 Ddri0‚
1090 2111 1095 2118 .

409 2129 503 2210 itane
533 2149 669 2211 tandem
701 2145 809 2211 idcere
840 2154 995 2232 oportet?
1044 2148 1114 2212 Do.
1153 2147 1209 2214 Sic
1240 2169 1333 2213 sum:
1371 2149 1398 2213 si

474 2259 602 2342 placeo,
620 2256 719 2324 titere.
1405 2238 1407 2243 ,

319 2368 390 2434 ΑΝ.
410 2368 467 2435 Sic
490 2370 579 2434 hunc
602 2369 751 2454 decipis?
782 2370 848 2434 Do.
874 2372 983 2436 Immo
1006 2373 1095 2436 enim
1119 2393 1210 2448 uero,
1233 2359 1395 2457 Antipho,

472 2483 527 2547 hic
544 2503 597 2547 me
613 2483 754 2567 decipit:

407 2594 495 2659 Nam
515 2593 570 2659 hic
592 2616 644 2659 me
666 2596 764 2659 huius
786 2597 878 2661 modi
899 2596 1005 2662 scibat
1025 2617 1108 2675 esse,
1125 2618 1189 2681 ego
1212 2596 1302 2662 hiinc
1325 2619 1397 2663 esse

472 2708 566 2773 aliter
581 2708 725 2783 credidi3

405 2804 475 2885 iste
505 2841 559 2884 me
590 2820 712 2895 fefellit,
744 2841 809 2903 ego
847 2822 901 2886 isti
934 2820 1002 2886 nilo
1038 2843 1112 2886 sum
1143 2823 1238 2887 aliter
1265 2822 1306 2887 dc
1336 2823 1392 2889 fui.
1449 2845 1481 2897 45

407 2932 473 2997 Sed
496 2941 592 2997 utut
614 2932 697 2995 haec
721 2943 807 3008 sunt,
824 2932 937 2997 tdmen
957 2935 1023 2998 hoc
1044 2934 1181 2999 faciam:
1209 2933 1281 2999 cris
1299 2956 1394 2999 mane

471 3042 646 3133 atgentiim
663 3045 743 3108 mihi

408 3154 506 3220 Miles
540 3158 619 3221 dare
653 3177 689 3221 se
725 3155 828 3222 dixit:
871 3158 898 3221 si
935 3157 1016 3222 mihi
1050 3157 1141 3243 prior
1170 3169 1206 3223 tu
1238 3160 1395 3236 attuleris,

472 3269 642 3343 Phacdria,

406 3377 486 3443 Met
517 3380 591 3463 lege
621 3390 705 3457 utar,
737 3378 774 3447 it
803 3382 915 3467 potior
944 3383 996 3459 sit,
1027 3380 1085 3467 qui
1115 3384 1206 3467 prior
1237 3383 1279 3449 ad
1317 3384 1396 3450 dan-

471 3490 591 3559 ditmst.
623 3495 707 3561 uale.
