<?xml version="1.0" encoding="UTF-8"?>
<!DOCTYPE html PUBLIC "-//W3C//DTD XHTML 1.0 Transitional//EN"
    "http://www.w3.org/TR/xhtml1/DTD/xhtml1-transitional.dtd">
<html xmlns="http://www.w3.org/1999/xhtml" xml:lang="en" lang="en">
 <head>
  <title>
</title>
<meta http-equiv="Content-Type" content="text/html;charset=utf-8" />
  <meta name='ocr-system' content='tesseract 3.04.00' />
  <meta name='ocr-capabilities' content='ocr_page ocr_carea ocr_par ocr_line ocrx_word'/>
</head>
<body>
  <div class='ocr_page' id='page_1' title='image "./pterentiafripho01greegoog/pterentiafripho01greegoog_0118.png"; bbox 0 0 3409 5050; ppageno 0'>
   <div class='ocr_carea' id='block_1_1' title="bbox 254 437 1086 523">
    <p class='ocr_par' dir='ltr' id='par_1_1' title="bbox 254 437 1086 523">
     <span class='ocr_line' id='line_1_1' title="bbox 254 437 1086 523; baseline -0.002 -30"><span class='ocrx_word' id='word_1_1' title='bbox 254 459 299 523; x_wconf 85' lang='lat'><strong>94</strong></span> <span class='ocrx_word' id='word_1_2' title='bbox 675 437 860 492; x_wconf 86' lang='lat' dir='ltr'><strong>TERENTI</strong></span> <span class='ocrx_word' id='word_1_3' title='bbox 888 438 1086 494; x_wconf 86' lang='lat' dir='ltr'><strong>PHORMIO.</strong></span> 
     </span>
    </p>
   </div>
   <div class='ocr_carea' id='block_1_2' title="bbox 256 605 1502 1023">
    <p class='ocr_par' dir='ltr' id='par_1_2' title="bbox 256 605 1502 1023">
     <span class='ocr_line' id='line_1_2' title="bbox 343 605 1502 711; baseline -0.003 -19"><span class='ocrx_word' id='word_1_4' title='bbox 343 628 410 692; x_wconf 80' lang='lat' dir='ltr'><strong>DE.</strong></span> <span class='ocrx_word' id='word_1_5' title='bbox 430 628 531 691; x_wconf 89' lang='lat' dir='ltr'>Enim</span> <span class='ocrx_word' id='word_1_6' title='bbox 547 626 677 711; x_wconf 71' lang='lat' dir='ltr'><strong>nequeo</strong></span> <span class='ocrx_word' id='word_1_7' title='bbox 694 627 801 690; x_wconf 91' lang='lat' dir='ltr'><strong>solus:</strong></span> <span class='ocrx_word' id='word_1_8' title='bbox 828 624 978 690; x_wconf 73' lang='lat' dir='ltr'><strong>adcurre.</strong></span> <span class='ocrx_word' id='word_1_9' title='bbox 1025 605 1089 689; x_wconf 81' lang='grc' dir='ltr'><strong>ΡΗ</strong></span> <span class='ocrx_word' id='word_1_10' title='bbox 1109 626 1185 691; x_wconf 86' lang='lat' dir='ltr'><strong>Vna</strong></span> <span class='ocrx_word' id='word_1_11' title='bbox 1201 623 1349 689; x_wconf 77' lang='lat' dir='ltr'><strong>iniuriast</strong></span> <span class='ocrx_word' id='word_1_12' title='bbox 1472 648 1502 698; x_wconf 83' lang='lat'><strong>90</strong></span> 
     </span>
     <span class='ocr_line' id='line_1_3' title="bbox 429 717 1416 813; baseline -0.001 -19"><span class='ocrx_word' id='word_1_13' title='bbox 429 728 566 794; x_wconf 72' lang='lat' dir='ltr'><strong>Tecum.</strong></span> <span class='ocrx_word' id='word_1_14' title='bbox 626 725 691 794; x_wconf 79' lang='lat' dir='ltr'><strong>DE.</strong></span> <span class='ocrx_word' id='word_1_15' title='bbox 741 730 832 811; x_wconf 82' lang='lat' dir='ltr'><strong>Lege</strong></span> <span class='ocrx_word' id='word_1_16' title='bbox 872 730 962 811; x_wconf 85' lang='lat' dir='ltr'><strong>agito</strong></span> <span class='ocrx_word' id='word_1_17' title='bbox 1004 750 1095 813; x_wconf 83' lang='lat' dir='ltr'><strong>ergo.</strong></span> <span class='ocrx_word' id='word_1_18' title='bbox 1156 729 1218 795; x_wconf 82' lang='lat' dir='ltr'><strong>PH.</strong></span> <span class='ocrx_word' id='word_1_19' title='bbox 1269 717 1416 793; x_wconf 72' lang='lat' dir='ltr'><strong>Alterast</strong></span> 
     </span>
     <span class='ocr_line' id='line_1_4' title="bbox 494 830 811 909; baseline -0.009 -9"><span class='ocrx_word' id='word_1_20' title='bbox 494 830 616 909; x_wconf 71' lang='lat' dir='ltr'><strong>tecum,</strong></span> <span class='ocrx_word' id='word_1_21' title='bbox 641 832 811 898; x_wconf 84' lang='lat' dir='ltr'>Chremes.</span> 
     </span>
     <span class='ocr_line' id='line_1_5' title="bbox 256 935 1410 1023; baseline -0.004 -19"><span class='ocrx_word' id='word_1_22' title='bbox 256 941 318 1005; x_wconf 79' lang='grc'><strong>936</strong></span> <span class='ocrx_word' id='word_1_23' title='bbox 343 940 409 1005; x_wconf 83' lang='lat' dir='ltr'><strong>CH.</strong></span> <span class='ocrx_word' id='word_1_24' title='bbox 430 940 526 1023; x_wconf 86' lang='lat' dir='ltr'><strong>Rape</strong></span> <span class='ocrx_word' id='word_1_25' title='bbox 543 935 641 1001; x_wconf 75' lang='lat' dir='ltr'><strong>hunc.</strong></span> <span class='ocrx_word' id='word_1_26' title='bbox 682 937 741 1000; x_wconf 84' lang='lat' dir='ltr'><strong>PH.</strong></span> <span class='ocrx_word' id='word_1_27' title='bbox 767 938 823 1002; x_wconf 88' lang='lat' dir='ltr'><strong>Sic</strong></span> <span class='ocrx_word' id='word_1_28' title='bbox 836 936 955 1020; x_wconf 84' lang='lat' dir='ltr'><strong>agitis?</strong></span> <span class='ocrx_word' id='word_1_29' title='bbox 978 936 1066 1001; x_wconf 72' lang='lat' dir='ltr'><strong>enim</strong></span> <span class='ocrx_word' id='word_1_30' title='bbox 1079 958 1160 1000; x_wconf 88' lang='lat' dir='ltr'><strong>uero</strong></span> <span class='ocrx_word' id='word_1_31' title='bbox 1177 937 1292 1001; x_wconf 74' lang='lat' dir='ltr'><strong>uocest</strong></span> <span class='ocrx_word' id='word_1_32' title='bbox 1307 956 1410 1020; x_wconf 91' lang='lat' dir='ltr'><strong>opus:</strong></span> 
     </span>
    </p>
   </div>
   <div class='ocr_carea' id='block_1_3' title="bbox 343 1038 1501 1437">
    <p class='ocr_par' dir='ltr' id='par_1_3' title="bbox 343 1038 1501 1437">
     <span class='ocr_line' id='line_1_6' title="bbox 429 1038 1415 1208; baseline -0.004 -102"><span class='ocrx_word' id='word_1_33' title='bbox 429 1041 649 1116; x_wconf 71' lang='lat' dir='ltr'><strong>Nausistrata,</strong></span> <span class='ocrx_word' id='word_1_34' title='bbox 673 1042 739 1105; x_wconf 90' lang='lat' dir='ltr'><strong>exi.</strong></span> <span class='ocrx_word' id='word_1_35' title='bbox 785 1041 851 1105; x_wconf 80' lang='lat' dir='ltr'><strong>CH.</strong></span> <span class='ocrx_word' id='word_1_36' title='bbox 882 1038 1303 1208; x_wconf 40' lang='lat' dir='ltr'><strong>ww</strong></span> <span class='ocrx_word' id='word_1_37' title='bbox 1339 1040 1415 1103; x_wconf 91' lang='lat' dir='ltr'><strong>uide</strong></span> 
     </span>
     <span class='ocr_line' id='line_1_7' title="bbox 429 1144 1413 1231; baseline -0.007 -20"><span class='ocrx_word' id='word_1_38' title='bbox 429 1145 602 1231; x_wconf 75' lang='lat' dir='ltr'><strong>Quantum</strong></span> <span class='ocrx_word' id='word_1_39' title='bbox 633 1146 732 1210; x_wconf 87' lang='lat' dir='ltr'><strong>ualet.</strong></span> <span class='ocrx_word' id='word_1_40' title='bbox 793 1146 856 1211; x_wconf 86' lang='lat' dir='ltr'><strong>PH.</strong></span> <span class='ocrx_word' id='word_1_41' title='bbox 929 1166 988 1209; x_wconf 91' lang='lat' dir='ltr'><strong>aus</strong></span> <span class='ocrx_word' id='word_1_42' title='bbox 1002 1154 1112 1219; x_wconf 89' lang='lat' dir='ltr'><strong>strata,</strong></span> <span class='ocrx_word' id='word_1_43' title='bbox 1149 1146 1294 1228; x_wconf 85' lang='lat' dir='ltr'><strong>inquam.</strong></span> <span class='ocrx_word' id='word_1_44' title='bbox 1348 1144 1413 1207; x_wconf 82' lang='lat' dir='ltr'><strong>DE.</strong></span> 
     </span>
     <span class='ocr_line' id='line_1_8' title="bbox 495 1250 702 1316; baseline 0.005 -1"><span class='ocrx_word' id='word_1_45' title='bbox 495 1250 573 1315; x_wconf 69' lang='lat' dir='ltr'><strong>Nun</strong></span> <span class='ocrx_word' id='word_1_46' title='bbox 589 1257 702 1316; x_wconf 83' lang='lat' dir='ltr'><strong>taces?</strong></span> 
     </span>
     <span class='ocr_line' id='line_1_9' title="bbox 343 1350 1501 1437; baseline -0.002 -17"><span class='ocrx_word' id='word_1_47' title='bbox 343 1357 406 1422; x_wconf 83' lang='lat' dir='ltr'><strong>PH.</strong></span> <span class='ocrx_word' id='word_1_48' title='bbox 428 1354 595 1420; x_wconf 76' lang='lat' dir='ltr'><strong>Taceatrn?</strong></span> <span class='ocrx_word' id='word_1_49' title='bbox 624 1356 690 1420; x_wconf 77' lang='lat' dir='ltr'><strong>DE.</strong></span> <span class='ocrx_word' id='word_1_50' title='bbox 715 1354 787 1419; x_wconf 88' lang='lat' dir='ltr'><strong>Nisi</strong></span> <span class='ocrx_word' id='word_1_51' title='bbox 804 1354 962 1437; x_wconf 86' lang='lat' dir='ltr'><strong>sequitur,</strong></span> <span class='ocrx_word' id='word_1_52' title='bbox 980 1350 1112 1436; x_wconf 74' lang='lat' dir='ltr'><strong>pugnos</strong></span> <span class='ocrx_word' id='word_1_53' title='bbox 1128 1353 1160 1415; x_wconf 88' lang='lat' dir='ltr'><strong>in</strong></span> <span class='ocrx_word' id='word_1_54' title='bbox 1177 1362 1327 1415; x_wconf 86' lang='lat' dir='ltr'><strong>uentrem</strong></span> <span class='ocrx_word' id='word_1_55' title='bbox 1471 1370 1501 1422; x_wconf 86' lang='lat'><strong>95</strong></span> 
     </span>
    </p>
   </div>
   <div class='ocr_carea' id='block_1_4' title="bbox 494 1459 621 1544">
    <p class='ocr_par' dir='ltr' id='par_1_4' title="bbox 494 1459 621 1544">
     <span class='ocr_line' id='line_1_10' title="bbox 494 1459 621 1544; baseline 0.008 -22"><span class='ocrx_word' id='word_1_56' title='bbox 494 1459 621 1544; x_wconf 60' lang='lat' dir='ltr'><strong>fugem</strong></span> 
     </span>
    </p>
   </div>
   <div class='ocr_carea' id='block_1_5' title="bbox 343 1556 1330 1685">
    <p class='ocr_par' dir='ltr' id='par_1_5' title="bbox 343 1556 1330 1685">
     <span class='ocr_line' id='line_1_11' title="bbox 343 1556 1330 1685; baseline -0.006 -56"><span class='ocrx_word' id='word_1_57' title='bbox 343 1566 406 1630; x_wconf 84' lang='lat' dir='ltr'><strong>PH.</strong></span> <span class='ocrx_word' id='word_1_58' title='bbox 429 1563 495 1629; x_wconf 91' lang='lat' dir='ltr'><strong>Vel</strong></span> <span class='ocrx_word' id='word_1_59' title='bbox 508 1563 643 1628; x_wconf 65' lang='lat' dir='ltr'><strong>&amp;culum</strong></span> <span class='ocrx_word' id='word_1_60' title='bbox 659 1562 816 1647; x_wconf 86' lang='lat' dir='ltr'><strong>exculpe:</strong></span> <span class='ocrx_word' id='word_1_61' title='bbox 843 1571 894 1627; x_wconf 88' lang='lat' dir='ltr'><strong>est</strong></span> <span class='ocrx_word' id='word_1_62' title='bbox 910 1558 967 1685; x_wconf 50' lang='lat' dir='ltr'><strong>t&#39;rEi</strong></span> <span class='ocrx_word' id='word_1_63' title='bbox 984 1580 1044 1623; x_wconf 92' lang='lat' dir='ltr'><strong>uos</strong></span> <span class='ocrx_word' id='word_1_64' title='bbox 1061 1556 1200 1624; x_wconf 70' lang='lat' dir='ltr'><strong>ulciscar</strong></span> <span class='ocrx_word' id='word_1_65' title='bbox 1215 1558 1330 1641; x_wconf 88' lang='lat' dir='ltr'><strong>probe.</strong></span> 
     </span>
    </p>
   </div>
   <div class='ocr_carea' id='block_1_6' title="bbox 364 1949 1392 2017">
    <p class='ocr_par' dir='ltr' id='par_1_6' title="bbox 364 1949 1392 2017">
     <span class='ocr_line' id='line_1_12' title="bbox 364 1949 1392 2017; baseline -0.005 -1"><span class='ocrx_word' id='word_1_66' title='bbox 364 1954 620 2017; x_wconf 75' lang='lat' dir='ltr'><strong>NAVSISTRATA</strong></span> <span class='ocrx_word' id='word_1_67' title='bbox 687 1951 865 2017; x_wconf 80' lang='lat' dir='ltr'>CHREMES</span> <span class='ocrx_word' id='word_1_68' title='bbox 954 1953 1129 2015; x_wconf 87' lang='lat' dir='ltr'>DEMIPHO</span> <span class='ocrx_word' id='word_1_69' title='bbox 1219 1949 1392 2012; x_wconf 87' lang='lat' dir='ltr'><strong>PHORMIO</strong></span> 
     </span>
    </p>
   </div>
   <div class='ocr_carea' id='block_1_7' title="bbox 430 2096 1388 2141">
    <p class='ocr_par' dir='ltr' id='par_1_7' title="bbox 430 2096 1388 2141">
     <span class='ocr_line' id='line_1_13' title="bbox 430 2096 1388 2141; baseline -0.002 -1"><span class='ocrx_word' id='word_1_70' title='bbox 430 2102 549 2141; x_wconf 73' lang='lat' dir='ltr'>MVLIER</span> <span class='ocrx_word' id='word_1_71' title='bbox 727 2100 822 2141; x_wconf 77' lang='lat' dir='ltr'>SENES</span> <span class='ocrx_word' id='word_1_72' title='bbox 1033 2098 1055 2139; x_wconf 82' lang='lat'><strong>11</strong></span> <span class='ocrx_word' id='word_1_73' title='bbox 1220 2096 1388 2138; x_wconf 77' lang='lat' dir='ltr'>PARASITVS</span> 
     </span>
    </p>
   </div>
   <div class='ocr_carea' id='block_1_8' title="bbox 256 2271 1502 2451">
    <p class='ocr_par' dir='ltr' id='par_1_8' title="bbox 256 2271 1502 2451">
     <span class='ocr_line' id='line_1_14' title="bbox 256 2271 1502 2357; baseline -0.001 -20"><span class='ocrx_word' id='word_1_74' title='bbox 256 2274 319 2337; x_wconf 86' lang='grc'><strong>990</strong></span> <span class='ocrx_word' id='word_1_75' title='bbox 364 2275 431 2338; x_wconf 81' lang='grc' dir='ltr'><strong>ΝΑ.</strong></span> <span class='ocrx_word' id='word_1_76' title='bbox 455 2274 522 2357; x_wconf 88' lang='lat' dir='ltr'><strong>Qui</strong></span> <span class='ocrx_word' id='word_1_77' title='bbox 554 2271 701 2337; x_wconf 68' lang='lat' dir='ltr'><strong>ruminat</strong></span> <span class='ocrx_word' id='word_1_78' title='bbox 733 2280 806 2337; x_wconf 82' lang='lat' dir='ltr'><strong>me?</strong></span> <span class='ocrx_word' id='word_1_79' title='bbox 844 2273 933 2349; x_wconf 90' lang='lat' dir='ltr'><strong>hem,</strong></span> <span class='ocrx_word' id='word_1_80' title='bbox 962 2272 1041 2357; x_wconf 77' lang='lat' dir='ltr'><strong>qusd</strong></span> <span class='ocrx_word' id='word_1_81' title='bbox 1065 2274 1149 2336; x_wconf 88' lang='lat' dir='ltr'><strong>istuc</strong></span> <span class='ocrx_word' id='word_1_82' title='bbox 1173 2273 1332 2348; x_wconf 90' lang='lat' dir='ltr'><strong>turbaest‚</strong></span> <span class='ocrx_word' id='word_1_83' title='bbox 1356 2272 1414 2337; x_wconf 71' lang='lat' dir='ltr'><strong>(rb-</strong></span> <span class='ocrx_word' id='word_1_84' title='bbox 1435 2274 1502 2352; x_wconf 92' lang='lat' dir='ltr'><strong>V9</strong></span> 
     </span>
     <span class='ocr_line' id='line_1_15' title="bbox 515 2398 620 2451; baseline 0 -11"><span class='ocrx_word' id='word_1_85' title='bbox 515 2398 620 2451; x_wconf 89' lang='lat' dir='ltr'><strong>secro,</strong></span> 
     </span>
    </p>
   </div>
   <div class='ocr_carea' id='block_1_9' title="bbox 452 2479 1414 2578">
    <p class='ocr_par' dir='ltr' id='par_1_9' title="bbox 452 2479 1414 2578">
     <span class='ocr_line' id='line_1_16' title="bbox 452 2479 1414 2578; baseline 0 -32"><span class='ocrx_word' id='word_1_86' title='bbox 452 2483 501 2546; x_wconf 87' lang='lat' dir='ltr'><strong>Mi</strong></span> <span class='ocrx_word' id='word_1_87' title='bbox 525 2480 596 2546; x_wconf 68' lang='lat' dir='ltr'><strong>uir?</strong></span> <span class='ocrx_word' id='word_1_88' title='bbox 631 2482 694 2546; x_wconf 83' lang='lat' dir='ltr'><strong>PH.</strong></span> <span class='ocrx_word' id='word_1_89' title='bbox 731 2480 849 2555; x_wconf 88' lang='lat' dir='ltr'><strong>Ehem,</strong></span> <span class='ocrx_word' id='word_1_90' title='bbox 877 2482 958 2564; x_wconf 87' lang='lat' dir='ltr'><strong>quid</strong></span> <span class='ocrx_word' id='word_1_91' title='bbox 983 2479 1303 2578; x_wconf 58' lang='lat' dir='ltr'><strong>nuanti?</strong></span> <span class='ocrx_word' id='word_1_92' title='bbox 1348 2484 1414 2547; x_wconf 76' lang='lat' dir='ltr'><strong>NA.</strong></span> 
     </span>
    </p>
   </div>
   <div class='ocr_carea' id='block_1_10' title="bbox 256 2585 1503 4220">
    <p class='ocr_par' dir='ltr' id='par_1_10' title="bbox 256 2585 1503 4220">
     <span class='ocr_line' id='line_1_17' title="bbox 517 2585 845 2668; baseline -0.003 -19"><span class='ocrx_word' id='word_1_93' title='bbox 517 2585 602 2668; x_wconf 67' lang='lat' dir='ltr'><strong>Quis</strong></span> <span class='ocrx_word' id='word_1_94' title='bbox 618 2586 672 2649; x_wconf 91' lang='lat' dir='ltr'><strong>hic</strong></span> <span class='ocrx_word' id='word_1_95' title='bbox 689 2586 845 2650; x_wconf 85' lang='lat' dir='ltr'><strong>homost?</strong></span> 
     </span>
     <span class='ocr_line' id='line_1_18' title="bbox 450 2689 1415 2776; baseline 0 -21"><span class='ocrx_word' id='word_1_96' title='bbox 450 2692 528 2755; x_wconf 88' lang='lat' dir='ltr'><strong>Non</strong></span> <span class='ocrx_word' id='word_1_97' title='bbox 552 2689 633 2753; x_wconf 79' lang='lat' dir='ltr'><strong>thi</strong></span> <span class='ocrx_word' id='word_1_98' title='bbox 657 2691 860 2773; x_wconf 84' lang='lat' dir='ltr'><strong>respondes?</strong></span> <span class='ocrx_word' id='word_1_99' title='bbox 906 2691 968 2754; x_wconf 83' lang='lat' dir='ltr'><strong>PH.</strong></span> <span class='ocrx_word' id='word_1_100' title='bbox 995 2689 1115 2753; x_wconf 68' lang='lat' dir='ltr'><strong>Hicine</strong></span> <span class='ocrx_word' id='word_1_101' title='bbox 1141 2702 1176 2756; x_wconf 95' lang='lat' dir='ltr'><strong>ut</strong></span> <span class='ocrx_word' id='word_1_102' title='bbox 1199 2692 1257 2756; x_wconf 87' lang='lat' dir='ltr'><strong>tibi</strong></span> <span class='ocrx_word' id='word_1_103' title='bbox 1283 2691 1415 2776; x_wconf 72' lang='lat' dir='ltr'><strong>respun-</strong></span> 
     </span>
     <span class='ocr_line' id='line_1_19' title="bbox 517 2796 604 2869; baseline -0.023 -11"><span class='ocrx_word' id='word_1_104' title='bbox 517 2796 604 2869; x_wconf 87' lang='lat' dir='ltr'><strong>deat,</strong></span> 
     </span>
     <span class='ocr_line' id='line_1_20' title="bbox 452 2895 1415 2984; baseline 0.003 -24"><span class='ocrx_word' id='word_1_105' title='bbox 452 2897 518 2980; x_wconf 89' lang='lat' dir='ltr'><strong>Qui</strong></span> <span class='ocrx_word' id='word_1_106' title='bbox 539 2897 649 2961; x_wconf 89' lang='lat' dir='ltr'><strong>hercle</strong></span> <span class='ocrx_word' id='word_1_107' title='bbox 668 2895 725 2962; x_wconf 76' lang='lat' dir='ltr'><strong>ubi</strong></span> <span class='ocrx_word' id='word_1_108' title='bbox 744 2898 786 2962; x_wconf 89' lang='lat' dir='ltr'><strong>sit</strong></span> <span class='ocrx_word' id='word_1_109' title='bbox 808 2898 934 2961; x_wconf 87' lang='lat' dir='ltr'><strong>nescit?</strong></span> <span class='ocrx_word' id='word_1_110' title='bbox 959 2897 1025 2962; x_wconf 85' lang='lat' dir='ltr'><strong>CH.</strong></span> <span class='ocrx_word' id='word_1_111' title='bbox 1051 2897 1142 2963; x_wconf 75' lang='lat' dir='ltr'><strong>Caue</strong></span> <span class='ocrx_word' id='word_1_112' title='bbox 1163 2899 1216 2963; x_wconf 88' lang='lat' dir='ltr'><strong>isti</strong></span> <span class='ocrx_word' id='word_1_113' title='bbox 1236 2901 1415 2984; x_wconf 89' lang='lat' dir='ltr'><strong>quicquam</strong></span> 
     </span>
     <span class='ocr_line' id='line_1_21' title="bbox 516 3003 664 3066; baseline 0.014 -2"><span class='ocrx_word' id='word_1_114' title='bbox 516 3003 664 3066; x_wconf 75' lang='lat' dir='ltr'><strong>creduas</strong></span> 
     </span>
     <span class='ocr_line' id='line_1_22' title="bbox 364 3103 1222 3189; baseline 0.002 -19"><span class='ocrx_word' id='word_1_115' title='bbox 364 3109 428 3170; x_wconf 84' lang='lat' dir='ltr'><strong>PH.</strong></span> <span class='ocrx_word' id='word_1_116' title='bbox 452 3105 531 3180; x_wconf 87' lang='lat' dir='ltr'><strong>Abi,</strong></span> <span class='ocrx_word' id='word_1_117' title='bbox 548 3103 666 3188; x_wconf 72' lang='lat' dir='ltr'><strong>tange:</strong></span> <span class='ocrx_word' id='word_1_118' title='bbox 693 3107 720 3169; x_wconf 91' lang='lat' dir='ltr'><strong>si</strong></span> <span class='ocrx_word' id='word_1_119' title='bbox 737 3127 803 3169; x_wconf 88' lang='lat' dir='ltr'><strong>non</strong></span> <span class='ocrx_word' id='word_1_120' title='bbox 819 3104 907 3170; x_wconf 69' lang='lat' dir='ltr'><strong>tutus</strong></span> <span class='ocrx_word' id='word_1_121' title='bbox 925 3107 1031 3189; x_wconf 81' lang='lat' dir='ltr'><strong>friget,</strong></span> <span class='ocrx_word' id='word_1_122' title='bbox 1049 3128 1102 3170; x_wconf 89' lang='lat' dir='ltr'><strong>me</strong></span> <span class='ocrx_word' id='word_1_123' title='bbox 1118 3107 1222 3185; x_wconf 73' lang='lat' dir='ltr'><strong>enica.</strong></span> 
     </span>
     <span class='ocr_line' id='line_1_23' title="bbox 256 3209 1415 3295; baseline 0.001 -20"><span class='ocrx_word' id='word_1_124' title='bbox 256 3211 318 3275; x_wconf 84' lang='lat'><strong>995</strong></span> <span class='ocrx_word' id='word_1_125' title='bbox 365 3211 431 3276; x_wconf 85' lang='lat' dir='ltr'><strong>CH.</strong></span> <span class='ocrx_word' id='word_1_126' title='bbox 453 3210 509 3274; x_wconf 91' lang='lat' dir='ltr'><strong>Nil</strong></span> <span class='ocrx_word' id='word_1_127' title='bbox 547 3210 604 3274; x_wconf 71' lang='lat' dir='ltr'><strong>est</strong></span> <span class='ocrx_word' id='word_1_128' title='bbox 665 3209 729 3273; x_wconf 83' lang='lat' dir='ltr'><strong>NA.</strong></span> <span class='ocrx_word' id='word_1_129' title='bbox 776 3210 868 3292; x_wconf 88' lang='lat' dir='ltr'><strong>Quid</strong></span> <span class='ocrx_word' id='word_1_130' title='bbox 907 3217 1010 3292; x_wconf 86' lang='lat' dir='ltr'><strong>ergo?</strong></span> <span class='ocrx_word' id='word_1_131' title='bbox 1055 3210 1135 3295; x_wconf 75' lang='lat' dir='ltr'><strong>qusd</strong></span> <span class='ocrx_word' id='word_1_132' title='bbox 1175 3213 1247 3276; x_wconf 90' lang='lat' dir='ltr'><strong>istic</strong></span> <span class='ocrx_word' id='word_1_133' title='bbox 1286 3218 1415 3276; x_wconf 83' lang='lat' dir='ltr'><strong>narrat?</strong></span> 
     </span>
     <span class='ocr_line' id='line_1_24' title="bbox 517 3312 794 3377; baseline 0 0"><span class='ocrx_word' id='word_1_134' title='bbox 517 3314 578 3377; x_wconf 82' lang='lat' dir='ltr'><strong>PH.</strong></span> <span class='ocrx_word' id='word_1_135' title='bbox 604 3312 675 3376; x_wconf 76' lang='lat' dir='ltr'><strong>Iam</strong></span> <span class='ocrx_word' id='word_1_136' title='bbox 692 3315 794 3377; x_wconf 89' lang='lat' dir='ltr'><strong>scies:</strong></span> 
     </span>
     <span class='ocr_line' id='line_1_25' title="bbox 451 3415 1416 3503; baseline 0.004 -23"><span class='ocrx_word' id='word_1_137' title='bbox 451 3415 624 3482; x_wconf 79' lang='lat' dir='ltr'><strong>Ausculta.</strong></span> <span class='ocrx_word' id='word_1_138' title='bbox 671 3417 737 3482; x_wconf 86' lang='lat' dir='ltr'><strong>CH.</strong></span> <span class='ocrx_word' id='word_1_139' title='bbox 777 3419 897 3502; x_wconf 87' lang='lat' dir='ltr'><strong>Pergin</strong></span> <span class='ocrx_word' id='word_1_140' title='bbox 927 3421 1082 3483; x_wconf 78' lang='lat' dir='ltr'><strong>credere?</strong></span> <span class='ocrx_word' id='word_1_141' title='bbox 1128 3421 1193 3482; x_wconf 73' lang='lat' dir='ltr'><strong>NA.</strong></span> <span class='ocrx_word' id='word_1_142' title='bbox 1230 3420 1319 3502; x_wconf 85' lang='lat' dir='ltr'>Quid</span> <span class='ocrx_word' id='word_1_143' title='bbox 1352 3442 1416 3503; x_wconf 88' lang='lat' dir='ltr'><strong>ego</strong></span> 
     </span>
     <span class='ocr_line' id='line_1_26' title="bbox 515 3520 655 3585; baseline 0.007 -2"><span class='ocrx_word' id='word_1_144' title='bbox 515 3520 655 3585; x_wconf 65' lang='lat' dir='ltr'><strong>ebsecro</strong></span> 
     </span>
     <span class='ocr_line' id='line_1_27' title="bbox 453 3625 1417 3710; baseline 0.004 -22"><span class='ocrx_word' id='word_1_145' title='bbox 453 3625 543 3688; x_wconf 91' lang='lat' dir='ltr'><strong>Huic</strong></span> <span class='ocrx_word' id='word_1_146' title='bbox 574 3627 718 3702; x_wconf 80' lang='lat' dir='ltr'><strong>credam,</strong></span> <span class='ocrx_word' id='word_1_147' title='bbox 750 3627 807 3710; x_wconf 90' lang='lat' dir='ltr'><strong>qui</strong></span> <span class='ocrx_word' id='word_1_148' title='bbox 838 3627 883 3690; x_wconf 86' lang='lat' dir='ltr'><strong>nil</strong></span> <span class='ocrx_word' id='word_1_149' title='bbox 915 3625 1021 3690; x_wconf 76' lang='lat' dir='ltr'><strong>dfxit?</strong></span> <span class='ocrx_word' id='word_1_150' title='bbox 1068 3627 1130 3690; x_wconf 85' lang='lat' dir='ltr'><strong>PH.</strong></span> <span class='ocrx_word' id='word_1_151' title='bbox 1162 3625 1291 3692; x_wconf 67' lang='lat' dir='ltr'><strong>Delirat</strong></span> <span class='ocrx_word' id='word_1_152' title='bbox 1319 3629 1417 3692; x_wconf 85' lang='lat' dir='ltr'><strong>miser</strong></span> 
     </span>
     <span class='ocr_line' id='line_1_28' title="bbox 450 3707 1431 3813; baseline 0.004 -21"><span class='ocrx_word' id='word_1_153' title='bbox 450 3727 594 3793; x_wconf 75' lang='lat' dir='ltr'><strong>Timdre.</strong></span> <span class='ocrx_word' id='word_1_154' title='bbox 633 3731 699 3794; x_wconf 76' lang='lat' dir='ltr'><strong>NA.</strong></span> <span class='ocrx_word' id='word_1_155' title='bbox 723 3730 801 3793; x_wconf 89' lang='lat' dir='ltr'><strong>Non</strong></span> <span class='ocrx_word' id='word_1_156' title='bbox 818 3730 876 3813; x_wconf 92' lang='lat' dir='ltr'><strong>pol</strong></span> <span class='ocrx_word' id='word_1_157' title='bbox 892 3732 1055 3803; x_wconf 70' lang='lat' dir='ltr'><strong>temerest,</strong></span> <span class='ocrx_word' id='word_1_158' title='bbox 1071 3731 1162 3813; x_wconf 90' lang='lat' dir='ltr'><strong>quod</strong></span> <span class='ocrx_word' id='word_1_159' title='bbox 1176 3741 1210 3794; x_wconf 90' lang='lat' dir='ltr'><strong>tu</strong></span> <span class='ocrx_word' id='word_1_160' title='bbox 1228 3729 1295 3795; x_wconf 74' lang='lat' dir='ltr'><strong>tarn</strong></span> <span class='ocrx_word' id='word_1_161' title='bbox 1309 3707 1431 3796; x_wconf 58' lang='lat' dir='ltr'><strong>tffi</strong></span> 
     </span>
     <span class='ocr_line' id='line_1_29' title="bbox 365 3809 1503 3917; baseline -0.003 -18"><span class='ocrx_word' id='word_1_162' title='bbox 365 3833 431 3899; x_wconf 86' lang='lat' dir='ltr'><strong>CH.</strong></span> <span class='ocrx_word' id='word_1_163' title='bbox 454 3809 703 3916; x_wconf 57' lang='lat' dir='ltr'><strong>Effittmeo?</strong></span> <span class='ocrx_word' id='word_1_164' title='bbox 734 3834 797 3898; x_wconf 86' lang='lat' dir='ltr'><strong>PH.</strong></span> <span class='ocrx_word' id='word_1_165' title='bbox 823 3833 927 3896; x_wconf 85' lang='lat' dir='ltr'><strong>Recte</strong></span> <span class='ocrx_word' id='word_1_166' title='bbox 951 3832 1047 3896; x_wconf 71' lang='lat' dir='ltr'><strong>sane:</strong></span> <span class='ocrx_word' id='word_1_167' title='bbox 1083 3837 1218 3917; x_wconf 90' lang='lat' dir='ltr'><strong>quando</strong></span> <span class='ocrx_word' id='word_1_168' title='bbox 1243 3834 1287 3898; x_wconf 84' lang='lat' dir='ltr'><strong>nss</strong></span> <span class='ocrx_word' id='word_1_169' title='bbox 1310 3837 1417 3909; x_wconf 82' lang='lat' dir='ltr'><strong>times,</strong></span> <span class='ocrx_word' id='word_1_170' title='bbox 1476 3861 1503 3896; x_wconf 88' lang='lat'><strong>10</strong></span> 
     </span>
     <span class='ocr_line' id='line_1_30' title="bbox 258 3925 1415 4021; baseline 0.001 -20"><span class='ocrx_word' id='word_1_171' title='bbox 258 3939 341 4002; x_wconf 90' lang='grc'>1000</span> <span class='ocrx_word' id='word_1_172' title='bbox 452 3939 497 4002; x_wconf 90' lang='lat' dir='ltr'><strong>Et</strong></span> <span class='ocrx_word' id='word_1_173' title='bbox 512 3937 577 4011; x_wconf 87' lang='lat' dir='ltr'><strong>hoc</strong></span> <span class='ocrx_word' id='word_1_174' title='bbox 593 3937 638 4001; x_wconf 87' lang='lat' dir='ltr'><strong>nss</strong></span> <span class='ocrx_word' id='word_1_175' title='bbox 656 3938 813 4021; x_wconf 89' lang='lat' dir='ltr'><strong>estquod</strong></span> <span class='ocrx_word' id='word_1_176' title='bbox 829 3925 996 4018; x_wconf 70' lang='lat' dir='ltr'><strong>ego&#39;fft&#39;eo,</strong></span> <span class='ocrx_word' id='word_1_177' title='bbox 1013 3949 1048 4001; x_wconf 90' lang='lat' dir='ltr'><strong>tu</strong></span> <span class='ocrx_word' id='word_1_178' title='bbox 1069 3935 1174 4003; x_wconf 74' lang='lat' dir='ltr'><strong>narra.</strong></span> <span class='ocrx_word' id='word_1_179' title='bbox 1198 3938 1263 4003; x_wconf 85' lang='lat' dir='ltr'><strong>DE.</strong></span> <span class='ocrx_word' id='word_1_180' title='bbox 1289 3939 1415 4014; x_wconf 86' lang='lat' dir='ltr'><strong>Scelus,</strong></span> 
     </span>
     <span class='ocr_line' id='line_1_31' title="bbox 452 4039 1417 4116; baseline 0 -10"><span class='ocrx_word' id='word_1_181' title='bbox 452 4043 527 4106; x_wconf 87' lang='lat' dir='ltr'>Tibi</span> <span class='ocrx_word' id='word_1_182' title='bbox 560 4039 689 4105; x_wconf 75' lang='lat' dir='ltr'><strong>narret?</strong></span> <span class='ocrx_word' id='word_1_183' title='bbox 728 4042 787 4104; x_wconf 92' lang='grc' dir='ltr'><strong>ΡΗ.</strong></span> <span class='ocrx_word' id='word_1_184' title='bbox 813 4040 889 4106; x_wconf 89' lang='lat' dir='ltr'><strong>Ohe</strong></span> <span class='ocrx_word' id='word_1_185' title='bbox 912 4051 958 4116; x_wconf 87' lang='lat' dir='ltr'><strong>tu,</strong></span> <span class='ocrx_word' id='word_1_186' title='bbox 983 4039 1139 4106; x_wconf 71' lang='lat' dir='ltr'><strong>factumst</strong></span> <span class='ocrx_word' id='word_1_187' title='bbox 1162 4042 1221 4106; x_wconf 91' lang='lat' dir='ltr'><strong>abs</strong></span> <span class='ocrx_word' id='word_1_188' title='bbox 1244 4052 1277 4106; x_wconf 88' lang='lat' dir='ltr'><strong>te</strong></span> <span class='ocrx_word' id='word_1_189' title='bbox 1301 4043 1417 4106; x_wconf 74' lang='lat' dir='ltr'><strong>sedulo</strong></span> 
     </span>
     <span class='ocr_line' id='line_1_32' title="bbox 454 4135 1415 4220; baseline 0.002 -11"><span class='ocrx_word' id='word_1_190' title='bbox 454 4146 517 4209; x_wconf 90' lang='lat' dir='ltr'><strong>Pro</strong></span> <span class='ocrx_word' id='word_1_191' title='bbox 534 4143 640 4210; x_wconf 66' lang='lat' dir='ltr'><strong>fratre.</strong></span> <span class='ocrx_word' id='word_1_192' title='bbox 664 4145 730 4210; x_wconf 78' lang='lat' dir='ltr'><strong>NA.</strong></span> <span class='ocrx_word' id='word_1_193' title='bbox 755 4145 804 4208; x_wconf 89' lang='lat' dir='ltr'><strong>Mi</strong></span> <span class='ocrx_word' id='word_1_194' title='bbox 821 4144 881 4220; x_wconf 88' lang='lat' dir='ltr'><strong>uir,</strong></span> <span class='ocrx_word' id='word_1_195' title='bbox 899 4142 963 4208; x_wconf 74' lang='lat' dir='ltr'><strong>ndu</strong></span> <span class='ocrx_word' id='word_1_196' title='bbox 981 4145 1060 4207; x_wconf 86' lang='lat' dir='ltr'>mihi</span> <span class='ocrx_word' id='word_1_197' title='bbox 1077 4145 1190 4209; x_wconf 85' lang='lat' dir='ltr'><strong>dices?</strong></span> <span class='ocrx_word' id='word_1_198' title='bbox 1214 4146 1280 4210; x_wconf 81' lang='lat' dir='ltr'><strong>CH.</strong></span> <span class='ocrx_word' id='word_1_199' title='bbox 1304 4135 1352 4211; x_wconf 75' lang='lat' dir='ltr'><strong>At</strong></span> <span class='ocrx_word' id='word_1_200' title='bbox 1376 4197 1382 4211; x_wconf 94' lang='lat'><em>.</em></span> <span class='ocrx_word' id='word_1_201' title='bbox 1409 4197 1415 4210; x_wconf 94' lang='lat'><strong>.</strong></span> 
     </span>
    </p>
   </div>
   <div class='ocr_carea' id='block_1_11' title="bbox 0 0 1715 5050">
    <p class='ocr_par' dir='ltr' id='par_1_11' title="bbox 0 0 1715 5050">
     <span class='ocr_line' id='line_1_33' title="bbox 0 0 1715 5050; baseline 0 0"><span class='ocrx_word' id='word_1_202' title='bbox 0 0 1715 5050; x_wconf 95' lang='lat' dir='ltr'><strong> </strong></span> 
     </span>
    </p>
   </div>
  </div>
 </body>
</html>
