3409 5050
666 393 849 449 TERENTI
879 395 1080 452 PHORMIO.

422 581 514 666 Quid
546 581 624 648 llet?
683 583 745 648 GE.
784 584 862 649 Non
900 587 989 650 enim
1029 583 1139 651 ducet.
1200 587 1270 652 AN.
1309 589 1409 653 Noui.

486 687 635 751 ceterum

420 791 535 875 Quom
551 792 726 874 argentum
744 803 905 875 repetent,
923 791 1035 857 ndstra
1052 815 1153 858 causa
1168 794 1294 860 scllicet
1312 841 1317 859 .

420 897 459 961 ln
477 897 615 960 neruom
632 893 829 978 potiuslbit.
875 895 936 960 GF.
960 897 1016 961 Nil
1033 907 1092 972 est,
1110 885 1273 982 Antipho,
1468 917 1496 971 ις

419 1001 510 1085 Quin
528 999 613 1063 mlle
630 1000 794 1062 narrando
811 998 917 1082 pdssit
932 999 1163 1084 deprauarier:

418 1107 469 1190 Tu
487 1107 519 1169 id
536 1102 626 1188 quiid
643 1103 755 1166 bonist
770 1104 934 1187 excerpis,
951 1106 1035 1168 dicis
1051 1103 1140 1188 qued
1158 1106 1277 1170 malist.

418 1208 513 1275 Audi
529 1231 616 1274 nuuc
632 1219 764 1273 contra:
786 1206 849 1270 iam
867 1209 894 1272 si
911 1219 1086 1290 argentum
1103 1210 1278 1292 acceperit,

417 1314 612 1379 Ducendast
628 1337 724 1390 uxor,
741 1313 777 1378 tlt
792 1323 850 1388 aie,
868 1311 1019 1376 concedti
1034 1314 1112 1376 tibi:

418 1417 571 1502 Spatium
588 1421 724 1503 quidem
741 1420 877 1482 tandem
892 1415 1076 1500 adparaudi
1095 1415 1235 1501 uiiptias,
1465 1440 1495 1476 20

416 1521 579 1597 Vocalndi
596 1521 814 1587 sacruficlndi
831 1523 964 1587 dabitur
981 1519 1164 1604 paululum.

418 1626 548 1691 interea
563 1629 661 1692 amici
678 1626 768 1712 quiid
786 1628 924 1712 polliciti
942 1623 1020 1690 stlnt
1036 1626 1182 1689 dabunt:
1286 1697 1291 1704 ‚

417 1730 500 1794 Inde
531 1729 592 1796 lste
623 1733 747 1796 reddet
791 1731 863 1796 ΑΝ.
895 1730 1007 1814 Quam
1038 1728 1082 1793 ab
1115 1737 1205 1794 rem?
1237 1740 1295 1795 aut
1325 1732 1404 1815 quid

482 1835 590 1899 dicet?
637 1834 700 1899 GE·
725 1837 860 1919 Rogas?

289 1937 303 1955 ”
416 1937 540 2020 ‘Quod
558 1939 608 2003 res
625 1940 757 2022 postilla
776 1939 923 2004 milnstra
939 1936 1123 2004 euenerunt
1139 1938 1238 2001 mihi!

416 2041 508 2106 Intro
525 2040 561 2106 lit
577 2044 608 2106 in
626 2044 717 2107 aedis
732 2041 803 2108 lter
819 2041 944 2108 alienus
961 2045 1070 2120 canis;

415 2143 547 2228 Anguis
564 2167 623 2230 per
640 2147 826 2230 inpluuium
843 2149 967 2211 decidit
983 2150 1025 2211 de
1041 2148 1180 2230 tegulis

415 2247 545 2313 Gallina
560 2251 680 2315 cecinit
689 2272 696 2327 ;
724 2250 896 2316 interdixit
911 2250 1074 2315 hiriolus:

415 2351 585 2437 Harlspex
601 2355 724 2430 uetuit;
751 2353 827 2419 alnte
843 2356 997 2419 brumam
1013 2356 1123 2420 autem
1140 2357 1219 2420 noui

414 2455 536 2541 Negtlti
554 2459 700 2543 incipere

707 2564 845 2648 ’tquae
861 2576 995 2629 causast
1011 2563 1209 2629 iustlssuma
1459 2590 1490 2641 30

414 2666 510 2730 Haec
512 2613 622 2730 flent.
668 2667 736 2731 AN.
769 2667 814 2732 Vt
837 2668 940 2733 modo
964 2668 1062 2733 flant!
1111 2668 1174 2733 GE.
1200 2669 1313 2733 Fient:
1349 2669 1402 2732 me

413 2771 603 2939 Patgillit:
628 2874 691 2949 abi,
708 2875 761 2939 dic
777 2876 849 2941 esse
866 2887 1041 2959 argentum
1057 2876 1248 2941 Phaedriae.

561 3284 738 3349 Dnuuuo
784 3285 964 3350 Cunnuns
1053 3285 1152 3350 Geni

683 3434 778 3476 snn'Es
816 3435 838 3475 11
1044 3434 1160 3475 SERVOS

322 3610 386 3673 DE.
410 3607 552 3692 Quietus
574 3620 656 3685 esto,
674 3610 829 3694 iuquam:
852 3610 917 3693 ego
937 3608 1062 3673 curabo
1083 3609 1124 3671 ne
1140 3608 1220 3691 quid
1237 3626 1309 3669 uer·
1400 3606 1449 3669 IV
1467 3621 1481 3687 5

473 3710 592 3776 bonim
609 3715 690 3777 duit.

407 3818 484 3881 Hoc
505 3819 629 3881 temere
652 3838 834 3900 numquam
854 3814 1004 3881 amittam
1020 3836 1084 3899 ego
1102 3836 1121 3878 a
1138 3837 1200 3889 me,
1218 3812 1298 3899 quln
1315 3814 1395 3877 mihi

471 3923 564 3985 testis
579 3919 778 3997 adhibeam:

232 4022 292 4089 715
406 4025 496 4109 Quoi
524 4026 600 4089 dem
628 4026 661 4089 et
687 4045 788 4109 quam
819 4024 865 4087 ob
896 4046 966 4088 rem
996 4025 1084 4100 dem,
1111 4021 1393 4087 ctlmmemorabO.

470 4128 534 4193 GE.
557 4129 603 4193 Vt
620 4126 735 4194 cautus
751 4137 810 4204 est,
828 4129 886 4192 ubi
903 4126 950 4193 nll
966 4138 1076 4211 opust.
