3409 5050
232 476 276 525 20
651 456 837 511 tunsum
866 456 1067 513 erronum.

320 659 384 725 PH.
409 658 560 724 Memini.
607 658 672 723 ΘΕ.
697 645 773 736 Em,
790 680 879 725 nunc
897 661 1002 745 ipsast
1016 657 1113 744 opus,
1126 680 1167 726 ea
1187 671 1253 738 aut,
1269 663 1297 729 si
1313 661 1394 750 quid

407 773 597 932 Meligrteeseti
612 865 791 932 callidiore.
837 867 902 930 PH.
926 866 1001 932 Fiet
1015 867 1141 932 sedulo,

319 970 382 1037 Gr.
406 971 506 1036 Nunc
522 968 615 1056 prior
630 971 721 1035 adito
736 980 784 1048 tu,
800 971 866 1054 ego
882 971 916 1036 in
931 972 1058 1036 insidiis
1073 971 1128 1036 hic
1143 993 1202 1037 ero

233 1075 295 1140 230
409 1073 697 1151 Subcinturiatus
715 1073 743 1140 si
758 1076 840 1161 quid
856 1073 1001 1142 deficiis.
1047 1075 1111 1139 ΡΗ.
1134 1074 1222 1159 Age.

516 1410 694 1475 Deurruo
799 1406 994 1471 Paruulus
1097 1406 1199 1472 Gerr

554 1540 656 1582 SENEX
798 1537 1000 1580 Anvmsceus
1089 1538 1204 1580 SERVOS

313 1686 380 1752 DE.
404 1670 499 1753 itane
514 1688 652 1752 tandem
669 1683 809 1750 uxorem
826 1686 925 1750 duxit
939 1672 1093 1768 Antipho
1110 1683 1235 1749 iniussti
1252 1691 1351 1750 meo?
1412 1685 1444 1750 11
1466 1704 1478 1750 1

404 1791 476 1855 Nec
493 1811 605 1855 meum
622 1791 808 1874 imperium,
826 1811 866 1854 ac
882 1788 978 1854 mitto
998 1789 1185 1872 imperium,
1203 1787 1268 1852 non
1283 1789 1395 1854 simui·

470 1896 573 1960 tatem
590 1915 700 1959 meam

405 1999 564 2064 Reuereri
595 2000 732 2064 saitem!
774 1997 840 2063 non
871 1998 1017 2084 pudere!
1058 2019 1081 2062 o
1111 1994 1239 2062 sicinus
1270 1999 1393 2071 audax,

469 2103 602 2168 oGeta
1002 2151 1006 2160 -

405 2206 573 2272 Monitori
619 2207 683 2273 GE.
707 2207 776 2272 Vix
791 2209 938 2272 tandem.
983 2206 1051 2270 DE.
1078 2203 1169 2289 Quid
1185 2205 1267 2271 mihi
1282 2206 1395 2272 dicent

470 2310 527 2376 aut
542 2332 644 2396 quam
660 2332 794 2376 causam
811 2311 1003 2395 reperient?

404 2414 570 2480 Demiror.
610 2415 674 2479 GE·
696 2415 802 2499 Atqui
816 2416 997 2499 reperiam:
1024 2413 1113 2479 aliud
1125 2410 1214 2480 citra„
1251 2415 1319 2478 DE.
1336 2414 1394 2480 An
1467 2436 1482 2492 5

470 2520 536 2586 hoc
551 2521 641 2585 dicet
656 2520 755 2584 mihi:

404 2623 637 2690 ‘Inuitusieci
672 2625 888 2707 iexcoegit’?
911 2622 1148 2699 aridioiatetir.
1182 2624 1247 2692 GE.
1267 2625 1392 2691 Places.
1434 2663 1440 2676 ·

317 2731 383 2795 DE.
405 2726 532 2793 Verum
547 2730 718 2804 scientem,
734 2726 873 2792 ticitum
888 2749 1023 2794 causam
1038 2728 1169 2795 tridere
1184 2728 1393 2805 aduorsziriis,

404 2829 559 2896 Etiimne
575 2833 608 2896 id
625 2832 681 2896 iex
697 2828 830 2915 coegit?
869 2831 934 2896 ΡΗ.
956 2834 1043 2898 Iiiud
1060 2832 1191 2899 durum.
1231 2832 1295 2900 GE.
1316 2835 1393 2917 Ego

468 2934 667 3020 expediim:
695 2937 775 3001 sine.

317 3043 382 3107 DE.
408 3041 609 3105 incertumst
638 3041 719 3125 quid
751 3061 861 3124 agam,
892 3041 971 3126 quia
1001 3052 1133 3125 praeter
1162 3063 1258 3126 spem
1292 3052 1392 3127 atque

468 3143 662 3208 incredibile
687 3144 753 3209 hoc
777 3147 825 3209 mi
849 3144 987 3229 obtigit:

228 3248 291 3313 240
356 3248 411 3313 lta
434 3267 508 3313 sum
533 3246 694 3325 inritatus,
710 3247 861 3314 inimum
881 3260 918 3315 ut
937 3270 1101 3333 nequeam
1117 3249 1159 3314 ad
1176 3247 1391 3334 cogitandum
1451 3273 1481 3310 ιο

469 3352 651 3418 instituere.

401 3456 516 3541 Quam
549 3457 595 3521 ob
626 3479 697 3523 rem
730 3456 849 3534 omnis,
882 3480 986 3543 quom
1021 3456 1187 3523 secundae
1226 3480 1278 3523 res
1315 3470 1393 3524 sunt

468 3558 637 3637 meixume,
659 3572 730 3627 tum
756 3561 915 3627 mixume

401 3662 559 3730 Meditari
575 3686 690 3731 secum
706 3662 849 3751 oportet,
866 3688 935 3751 quo
951 3677 1052 3750 pacto
1066 3666 1245 3732 iduorsam
1261 3688 1390 3732 aerum-

467 3765 544 3833 nim
560 3770 684 3835 ierant:
1180 3743 1188 3770 i

404 3870 560 3957 [Pericia,
600 3875 732 3950 damna,
771 3874 873 3939 exilia
910 3895 1048 3957 peregre
1090 3876 1220 3939 rediens
1258 3896 1392 3960 semper

468 3974 611 4065 cogitet]

401 4080 475 4145 Aut
499 4079 546 4144 iiii
572 4090 749 4165 peccatum
772 4078 829 4147 aut
852 4082 968 4146 uxoris
991 4078 1132 4147 mortem
1154 4090 1212 4147 aut
1235 4083 1390 4147 morbum

468 4184 574 4262 iiliae;
