3409 5050
522 505 524 510 ,
626 455 810 512 TERENTI
839 455 1039 514 PHORMIO.

718 855 874 926 ACTVS
904 858 938 922 II

595 1043 770 1112 ΑΝτῐΡΗο
856 1045 1048 1109 Pitumnum

557 1191 799 1234 Anvtascems
943 1191 966 1230 11

287 1367 354 1431 ΑΝ.
380 1355 502 1432 Adeon
530 1387 600 1430 rem
627 1364 761 1442 redisse,
786 1371 822 1429 ut
849 1365 906 1448 qui
934 1367 978 1427 mi
1010 1362 1198 1433 cdnsultum
1227 1367 1367 1450 optume
1401 1367 1450 1446 13

444 1471 526 1534 uelit
540 1489 624 1545 esse,

377 1574 547 1646 Phaedria,
564 1584 694 1657 patrem
710 1581 747 1640 ut
761 1572 992 1648 extimescam,
1009 1573 1066 1638 ubi
1083 1570 1117 1638 iu
1132 1583 1279 1641 mentem
1295 1574 1366 1639 eius

443 1678 579 1742 aduenti
596 1677 726 1741 ueniat!

206 1781 266 1844 155
378 1779 478 1865 Qudd
502 1783 536 1846 ni
559 1782 694 1846 fuissem
719 1777 915 1862 incdgitans,
932 1781 978 1846 ita
1001 1775 1114 1865 [eum]
1138 1781 1365 1865 expectarem,

443 1896 479 1950 ut
494 1883 640 1969 parfuit.

292 1987 353 2053 ΡΗ.
379 1988 471 2072 Quid
509 1987 593 2053 ist1'1c
632 1994 703 2053 est?
759 1986 830 2050 AN.
863 1987 1012 2069 Rogitas,
1044 1985 1102 2071 qui
1131 1999 1200 2052 tam
1230 1988 1366 2054 audacis

442 2091 597 2160 idcinoris
614 2091 695 2156 mihi
712 2089 876 2156 cdnsciu's
896 2087 1003 2177 [sis]?
1432 2093 1435 2097 ’

377 2194 478 2278 Qudd
503 2196 630 2262 utinam
654 2215 695 2258 ne
718 2191 910 2258 Phdrmioui
933 2194 966 2258 id
992 2193 1132 2260 suadere
1161 2197 1194 2260 in
1218 2206 1365 2261 mentem
1439 2215 1453 2268 ς

443 2299 614 2364 incidisset

377 2401 454 2468 Neiu
479 2423 532 2467 me
555 2403 717 2486 cupidum
740 2422 782 2466 eo
805 2398 989 2486 inpulisset,
1015 2401 1105 2486 qudd
1133 2403 1215 2466 mihi
1245 2403 1366 2487 princi-

443 2505 568 2592 piiimst
591 2507 687 2572 mali!

379 2609 455 2676 Ndn
486 2612 612 2695 potitus
642 2611 768 2676 essem:
810 2610 926 2675 suisset
962 2619 1034 2675 tum
1072 2609 1146 2677 sstos
1183 2612 1228 2675 mi
1266 2632 1365 2695 aegre

444 2712 579 2799 aliqudd
603 2715 684 2789 dies,

204 2821 266 2891 160
376 2819 425 2885 At
462 2818 528 2885 ndu
565 2816 747 2883 cottidiana
784 2838 865 2883 cura
905 2818 988 2882 haec
1029 2815 1169 2901 angeret
1205 2822 1364 2894 animum,

443 2924 506 2987 ΡΗ.
538 2921 664 2986 Atidio.

283 3028 353 3093 ΑΝ.’
377 3028 477 3105 Dum
497 3026 641 3110 expecto
669 3046 770 3121 qugm
798 3046 880 3089 mox
905 3026 1016 3091 ueniat
1040 3027 1097 3110 qui
1126 3027 1252 3091 adimat
1277 3025 1364 3093 hauc
1492 3103 1495 3107 ,

253 3215 255 3221 Ι
442 3130 523 3195 mihi
547 3128 835 3194 consuetudinem.

290 3236 352 3298 PH.
376 3232 462 3297 Aliis
493 3234 573 3316 quia
607 3232 688 3296 defit
725 3230 816 3316 qudd
854 3244 967 3300 amant
1003 3243 1151 3316 aegrest;
1194 3231 1260 3299 tibi
1284 3236 1364 3318 quia
1422 3258 1451 3295 ιο

442 3337 594 3420 superest
618 3336 726 3401 dolet:

376 3438 504 3504 Amdre
520 3440 681 3515 abundas,
699 3428 863 3523 Antipho,

375 3544 463 3609 Nam
486 3540 544 3607 ttia
567 3545 704 3627 quidem
728 3544 839 3608 hercle
863 3545 953 3609 certo
979 3546 1046 3610 uita
1069 3545 1153 3610 haec
1172 3547 1364 3630 expetenda

442 3644 658 3731 optindaque
674 3656 733 3711 est.

377 3752 428 3816 Ita
451 3752 504 3814 me
527 3752 561 3814 di
585 3750 670 3815 bene
695 3760 816 3825 ament,
840 3748 878 3815 tit
900 3753 946 3815 mi
972 3752 1070 3817 liceat
1093 3751 1162 3817 tam
1187 3755 1245 3818 diu
1271 3757 1363 3838 quod

442 3852 518 3918 amd
543 3854 615 3929 frui,

376 3962 448 4024 Iam
466 3959 633 4043 depecisci
650 3956 756 4023 mdrte
772 3960 890 4043 cupio:
918 3956 953 4023 ti
971 3962 1116 4026 conicito
1132 3962 1251 4036 cetera,

377 4063 468 4147 Quid
489 4084 554 4146 ego
575 4063 619 4126 ex
640 4062 703 4126 hac
725 4060 838 4148 inopia
859 4083 947 4127 nunc
964 4065 1105 4147 capiam,
1121 4076 1155 4129 et
1170 4066 1250 4150 quid
1266 4076 1301 4130 tu
1319 4088 1362 4131 ex
1422 4089 1451 4136 ιε

441 4170 523 4232 istac
543 4163 657 4250 cdpia;
