3409 5050
262 408 325 459 100
679 390 864 446 TERENTI
893 390 1094 445 PHORMIO.

259 578 343 643 1040
367 577 433 645 Cu.
457 577 557 655 Hem,
581 580 661 663 quid
685 585 756 645 ars?
801 578 868 645 NA.
897 574 1041 643 Adeone
1064 577 1240 663 indignum
1267 576 1332 643 hoc
1362 568 1422 643 tibi

519 683 659 759 uidetur,
675 682 763 747 silius

454 784 570 851 Hdnro
583 787 781 852 adulescens
795 784 825 849 si
839 785 942 852 habet
957 806 1058 850 unam
1074 782 1227 861 amIcam,
1242 794 1278 851 tu
1299 785 1422 849 uxores

451 891 682 1079 Nildfiiitsigre?
713 1014 781 1078 quo
803 990 862 1058 dre
885 992 978 1057 illurn
1008 989 1224 1133 obiussssbis?
1254 991 1420 1076 responde

519 1098 609 1163 mihi.

365 1201 432 1268 DE.
453 1200 570 1267 Faciet
599 1212 636 1267 ut
667 1200 769 1267 uoles.
815 1201 884 1266 ΝΑ.
916 1201 1027 1265 Immo
1051 1210 1089 1267 ut
1113 1220 1223 1265 nrearn
1247 1197 1312 1265 iarn
1335 1199 1420 1264 scias

516 1306 724 1381 sentdntiann

450 1409 571 1495 Neque
609 1429 675 1493 ego
715 1409 854 1492 ignosco
896 1407 1004 1492 neque
1042 1408 1202 1493 promitto
1239 1405 1419 1492 quicquam
1478 1429 1507 1481 55

515 1534 626 1598 neque
642 1510 830 1597 respondeo

256 1615 340 1681 1045
452 1616 544 1682 Prius
574 1638 676 1702 quam
708 1626 846 1700 gnatum
889 1613 1023 1681 uidero:
1066 1616 1137 1680 eius
1178 1613 1303 1681 iudicio
1345 1635 1420 1701 per·

515 1722 611 1786 mitto
626 1720 748 1786 omnia
804 1785 808 1794 ,

450 1822 551 1907 Quod
583 1826 609 1889 is
640 1824 769 1889 iubebit
798 1820 928 1889 ficiam.
975 1823 1038 1888 ΡΗ.
1071 1820 1193 1888 Mulier
1215 1820 1349 1907 sapiens
1371 1844 1418 1900 es,

514 1927 733 1994 Nausistrata.

362 2032 429 2096 NA·
453 2031 546 2098 Satin
576 2035 689 2098 tibist?
733 2032 804 2098 De.
834 2032 899 2098 Ita.
947 2030 1005 2099 Cn.
1038 2018 1148 2099 immo
1175 2053 1257 2098 uero
1279 2030 1418 2117 prilchre

514 2138 652 2202 discedo
668 2139 702 2205 et
717 2139 822 2220 probe

450 2226 495 2304 Et
522 2252 654 2325 praeter
676 2262 781 2326 spem.
828 2242 895 2309 Nn.
919 2240 970 2308 Tri
993 2253 1088 2308 tuom
1111 2262 1234 2307 nornen
1258 2240 1313 2308 dic
1336 2241 1417 2307 mihi

514 2346 595 2429 quid
612 2344 666 2410 sit.
714 2346 778 2410 ΡΗ.
804 2342 979 2412 Phormio:

447 2446 589 2514 Vdstrae
619 2449 763 2515 familiae
792 2450 904 2516 hercle
939 2451 1066 2517 amicus
1101 2451 1134 2515 et
1171 2460 1230 2515 tuo
1265 2470 1416 2516 summus
1472 2457 1505 2509 60

513 2553 704 2619 Phaedriae.

254 2657 338 2723 1050
361 2657 427 2724 ΝΑ.
452 2656 619 2826 Ρὴότπίξὲ,
636 2668 676 2826 atl
690 2679 755 2742 ego
777 2656 908 2726 ecastor
926 2660 1067 2746 posthac
1087 2657 1148 2726 ttbi
1170 2661 1262 2750 quod
1287 2669 1416 2762 gotero,

513 2783 557 2847 qu
621 2783 664 2826 uo
677 2783 714 2827 es

448 2863 652 2969 Fdeiamueg
675 2877 709 2931 et
731 2864 850 2933 dicam.
884 2867 949 2931 PH.
975 2867 1126 2952 Benigne
1149 2865 1241 2932 dicis.
1265 2867 1332 2933 Nn.
1358 2868 1417 2933 Pol

513 2971 699 3034 meritumst
729 2991 819 3035 nom.

361 3074 423 3139 ΡΗ.
446 3071 514 3137 Vin
545 3075 690 3157 primum
727 3074 828 3139 hodie
864 3073 972 3140 [dcere
1006 3077 1097 3160 quod
1136 3096 1201 3159 ego
1241 3073 1415 3160 gaddearn,

387 3213 391 3218 ‚
511 3175 729 3254 Nausistrata,

448 3266 494 3344 Et
519 3280 612 3363 quod
635 3291 695 3345 tuo
718 3282 790 3346 uiro
813 3280 901 3347 oculi
925 3284 1082 3349 doleant?
1113 3283 1181 3348 NA.
1206 3281 1325 3368 Cdpio.
1351 3283 1411 3349 ΡΗ.

513 3385 571 3448 Me
588 3383 630 3448 ad
646 3381 762 3449 cenam
779 3407 875 3452 noca.

360 3487 426 3554 NA.
451 3486 508 3553 Pol
528 3508 609 3552 uero
630 3509 729 3553 uoco.
775 3491 842 3554 DE.
868 3487 993 3555 Eamus
1018 3492 1105 3556 intro
1128 3491 1216 3556 hinc.
1240 3491 1304 3556 Nn
1328 3489 1413 3557 Fiat.
1471 3499 1502 3566 65

512 3593 572 3656 sed
588 3591 678 3656 ubist
693 3593 855 3657 Phaedria
1088 3575 1093 3590 '

253 3697 336 3762 1055
448 3693 556 3762 Iddex
575 3702 709 3762 noster?
740 3698 803 3762 ΡΗ.
828 3698 899 3763 Iam
920 3695 976 3764 hic
999 3698 1078 3765 saxo
1102 3699 1218 3766 aderit.
1266 3695 1415 3766 camon.

511 3797 582 3866 vos
598 3801 707 3866 ualete
723 3811 756 3868 et
771 3800 929 3886 pladdite.

1673 2901 1675 2960 J
