3409 5050
237 509 276 587 58
650 500 836 556 TERENTI
863 450 1067 555 monito.

321 687 386 752 Gn.
405 688 481 752 Tun
497 685 631 752 dixeras
648 688 748 752 huic?
772 685 900 750 idcinus
916 684 1100 769 indignrim,
1117 685 1289 762 Chremes,

408 791 464 856 Sic
481 789 665 855 circumiri!
692 788 759 855 ΕΗ.
783 790 823 854 Id
840 811 917 854 cum
933 788 997 854 hdo
1013 790 1156 872 agebam
1172 788 1397 854 commodum.

235 896 296 959 615
319 894 384 959 GE.
406 896 495 959 Nam
516 895 628 960 hercle
650 896 714 978 ego
735 915 872 979 quoque
896 893 929 958 id
953 893 1089 978 quidem
1112 891 1242 976 dgitans
1266 914 1398 958 mecum
1457 917 1485 955 ιο

473 999 590 1064 sedulo

410 1103 538 1179 inueni,
569 1104 699 1187 opinor,
735 1101 919 1166 remedium
952 1099 1031 1165 huic
1070 1100 1128 1164 rei.
1189 1099 1256 1166 ΕΗ.
1296 1099 1398 1183 Quid,

473 1204 581 1271 Geta?

321 1309 389 1374 DE.
411 1309 514 1392 Quod
528 1309 734 1374 remedium?
771 1306 835 1374 GE.
854 1308 902 1372 Vt
913 1307 979 1372 abii
992 1306 1052 1372 abs
1064 1318 1107 1383 te,
1120 1305 1159 1372 fit
1170 1304 1399 1373 sortedbuiam

408 1415 493 1478 Mihi
527 1413 694 1479 Phormio.
753 1410 820 1477 CH.
853 1409 921 1494 Qui
953 1410 1130 1476 Phdrmio?
1175 1413 1243 1476 DE.
1277 1411 1310 1476 Is
1341 1410 1399 1496 qui

477 1516 589 1582 istinc.
636 1517 703 1582 ΕΗ.
729 1515 818 1582 Scio.

322 1617 385 1686 Gn.
408 1619 559 1686 Visdmst
575 1621 630 1696 mi,
648 1631 685 1685 ut
701 1621 772 1684 eius
788 1620 989 1704 temptarem
1005 1620 1214 1684 sententiam.

236 1724 298 1788 620
408 1727 539 1790 Prendo
579 1723 749 1789 hominem
791 1724 918 1788 solum:
968 1722 1073 1808 ‘qudr
1117 1721 1204 1788 non'
1251 1723 1397 1807 inquam,
1458 1746 1486 1798 ¹5

474 1827 659 1902 ‘Phdrmio,

407 1931 521 2006 vides,
539 1933 622 1996 inter
638 1952 700 1996 nos
715 1930 762 1995 sic
778 1930 862 1996 haec
879 1930 991 2016 potius
1007 1929 1083 1996 crim
1100 1931 1191 1996 bona

407 2036 454 2100 Vt
470 2035 712 2118 componamus
729 2033 833 2118 gratia
849 2055 951 2120 quam
968 2033 1045 2099 edm
1063 2036 1170 2100 mala?

409 2139 496 2203 Erus
512 2138 656 2204 liberalis
671 2139 721 2204 dst
736 2149 770 2204 et
786 2139 931 2222 fugitans
947 2137 1073 2216 litium;

407 2243 495 2307 Nam
511 2243 611 2307 ceteri
627 2243 764 2327 quidem
781 2242 892 2306 hercle
909 2243 1007 2306 amici
1024 2244 1141 2308 omnes
1158 2245 1261 2307 modo

159 2397 164 2406 .
236 2341 299 2409 625
407 2345 484 2410 Vno
529 2345 586 2410 dre
632 2357 784 2410 auctores
830 2346 930 2422 suere,
970 2356 1008 2411 ut
1048 2347 1266 2431 praecipitem
1312 2346 1399 2411 hdnc
1456 2372 1487 2407 ιο

473 2450 587 2515 daret!

321 2554 391 2619 AN.
411 2552 503 2637 Quid
525 2556 579 2619 hic
600 2554 736 2639 coeptat
756 2565 813 2619 aut
833 2575 902 2638 quo
921 2552 1044 2619 euddet
1065 2554 1188 2620 hodie?
1233 2554 1296 2621 Gn.
1321 2555 1398 2619 ‘An

477 2658 607 2741 legibus

408 2759 574 2826 Daturum
591 2782 717 2845 poenas
734 2760 835 2836 dices,
852 2763 879 2825 si
896 2762 985 2826 illam
1002 2762 1156 2828 eiecerit?

409 2866 481 2929 Iam
498 2866 531 2930 id
547 2867 809 2949 exploratumst:
836 2864 921 2939 heia,
938 2866 1074 2930 sudabis
1091 2869 1180 2943 satis,

409 2968 445 3033 Si
461 2989 539 3033 cum
556 2968 612 3032 illo
628 2970 777 3053 inceptas
794 2967 947 3033 hdmine:
975 2991 1015 3033 ea
1030 2971 1262 3054 eloquentiast.

406 3070 532 3137 Verirm
549 3094 640 3156 pono
658 3093 730 3137 esse
747 3071 873 3136 uictum
890 3093 986 3149 eum;
1014 3084 1048 3138 at
1063 3075 1198 3138 tandem
1216 3086 1329 3139 tamen
1456 3099 1486 3152 ²5

406 3176 485 3240 Non
501 3174 619 3260 cdpitis
636 3178 665 3240 ei
682 3196 734 3240 res
749 3174 869 3258 rigitur,
887 3177 945 3240 sed
962 3175 1145 3260 pectiniae!

396 3280 588 3363 *Postquam
605 3278 774 3343 hominem
791 3279 843 3343 his
860 3280 971 3343 uerbis
987 3282 1095 3345 sdntio
1112 3278 1279 3357 mollirier,

407 3381 501 3449 ‘Soli
530 3404 645 3447 sumus
676 3403 765 3447 nunc
800 3383 873 3446 hic’
905 3382 1059 3468 inquam:
1100 3384 1196 3459 ‘eho,
1227 3386 1281 3449 dic
1318 3384 1399 3469 quid

473 3485 523 3550 uis
547 3488 618 3551 dari

405 3590 481 3653 Tibi
498 3588 531 3653 in
547 3610 693 3666 manum,
710 3599 839 3655 uterus
856 3588 906 3654 his
923 3590 1061 3691 desistat
1077 3589 1197 3667 litibus,

232 3694 294 3758 635
408 3694 504 3757 Haec
520 3692 598 3757 hinc
615 3693 765 3770 facessat,
782 3692 817 3760 td
835 3694 995 3759 molestus
1011 3696 1053 3757 ne
1068 3694 1175 3759 sies?'
1453 3721 1486 3772 30

318 3798 386 3863 ΑΝ.
409 3797 504 3863 Satin
521 3797 566 3861 illi
583 3800 617 3862 di
634 3809 711 3862 sunt
726 3796 884 3882 prdpitii?
930 3797 992 3862 (ΞΕ.
1017 3798 1126 3861 ‘Nam
1141 3796 1192 3863 stt
1208 3800 1289 3876 sci0,

407 3901 442 3967 Si
459 3914 494 3967 tu
511 3900 657 3986 Aliquam
674 3912 803 3985 partem
820 3901 920 3985 aequi
935 3902 1082 3985 bonique
1099 3900 1234 3978 dixeris,

405 4006 451 4071 Vt
467 4016 518 4070 est
533 4006 587 4070 ille
603 4008 712 4070 bonus
729 4006 789 4080 uir,
804 4004 868 4071 tria
883 4026 950 4069 non
968 4004 1216 4070 commutabitis

405 4109 520 4174 Verba
550 4108 648 4174 hddie
679 4109 764 4175 inter
796 4108 878 4175 uos.'
923 4109 989 4173 DE.
1014 4108 1099 4191 Quis
1122 4120 1155 4175 te
1179 4110 1288 4173 istaec'
1305 4107 1399 4174 iussit

472 4214 586 4297 loqui?
