3409 5050
250 390 291 470 73
667 386 854 440 sessum
882 384 1085 441 Pflommo.

250 575 313 638 810
337 576 404 640 DE.
425 574 517 659 Quid
540 576 611 642 est?
639 575 706 640 ΕΗ.
731 576 805 640 Itan
828 595 969 659 paruam
992 572 1074 640 mihi
1100 573 1202 639 fidem
1229 594 1301 639 esse
1326 570 1416 657 apud

488 680 540 745 tei
587 680 654 743 DE.
678 679 745 744 Vin
761 700 815 742 me
830 679 988 742 credere?

421 784 488 849 Vin
513 781 593 847 sitis
618 782 806 867 quaesitum
831 783 877 845 mi
902 780 987 847 istuc
1008 788 1103 847 esse?
1127 802 1200 865 age,
1222 779 1288 846 siat.
1314 780 1415 865 quid?

490 888 545 952 illa
561 886 629 951 filia

422 990 536 1055 Amici
567 990 671 1055 nostri
702 989 783 1074 quid
813 988 1017 1054 futurumst?
1072 988 1139 1055 ΕΗ.
1180 988 1294 1053 Recte.
1349 989 1415 1054 DE.

491 1095 589 1158 Hanc
606 1095 707 1177 igitur
722 1090 907 1158 mittimus?

337 1198 404 1263 CH.
427 1196 519 1281 Quid
551 1200 606 1261 ni?
651 1199 718 1262 DE.
750 1180 811 1260 illa
843 1202 996 1261 maneat?
1042 1195 1109 1260 CH.
1142 1194 1204 1261 Sic.
1262 1195 1328 1260 DE.
1361 1196 1413 1260 Ire
1471 1217 1502 1267 30

487 1302 588 1385 igitur
603 1300 662 1366 tibi
679 1301 768 1376 licet,
784 1297 1003 1365 Nausistrata.

334 1406 401 1471 NA.
426 1405 482 1471 Sic
512 1403 569 1490 pol
601 1406 813 1470 commodius
843 1403 916 1468 esse
947 1404 981 1467 in
1004 1403 1114 1468 omnis
1137 1400 1289 1479 irbitror,
1315 1422 1416 1485 quam

488 1518 526 1574 ut
547 1509 719 1594 coeperas,

248 1614 310 1677 815
422 1612 560 1678 Manere
590 1612 695 1689 hanc;
722 1632 799 1676 nam
825 1610 1031 1696 perliberalis
1062 1608 1175 1685 uisast,
1203 1630 1307 1694 quom
1336 1608 1415 1685 uidi,
1502 1628 1504 1633 ’

489 1716 636 1781 mihi.-

335 1822 398 1885 ΒΕ.
421 1818 514 1903 Quid
530 1817 615 1884 istuc
631 1820 797 1903 negotist?
843 1817 911 1883 ΕΗ.
937 1815 1054 1882 Ιέιιηιιε
1070 1818 1204 1901 operuit
1218 1815 1362 1881 dstium?

486 1925 552 1988 DE.
579 1924 662 1987 iam.
707 1922 774 1987 ΕΗ.
799 1922 830 1988 Ο
855 1920 1015 2006 Iuppiter,

422 2027 468 2091 Di
491 2025 551 2091 nds
571 2028 769 2109 respiciunt:
797 2024 933 2109 gnitum
957 2026 1068 2090 inueni
1093 2023 1231 2109 miptam
1255 2044 1332 2090 cum
1357 2034 1416 2089 tuo

488 2129 568 2195 silio.
614 2131 681 2195 DE.
704 2130 805 2206 Hem,

423 2234 502 2317 Quo
534 2232 635 2318 picto
669 2230 739 2319 [id]
773 2233 906 2318 potuit?
950 2233 1017 2299 ΕΗ.
1048 2233 1125 2298 Non
1148 2232 1227 2299 satis
1250 2242 1342 2298 tutus
1365 2231 1416 2297 est
1472 2256 1502 2308 35

487 2338 530 2402 ad
547 2339 748 2403 narrandum
764 2338 819 2402 hic
835 2339 940 2403 locus.
1239 2329 1240 2332 ¹
1530 2395 1537 2407 .

335 2441 402 2507 DE.
423 2441 473 2506 At
498 2451 533 2506 tu
564 2440 651 2507 intro
680 2442 744 2507 abi.
791 2442 860 2507 ΕΗ.
894 2442 999 2520 Heus,
1025 2462 1067 2507 ne
1095 2440 1153 2507 fnii
1181 2442 1318 2528 quidem
1349 2441 1414 2505 hoc

488 2542 590 2612 ndstri
605 2544 785 2612 rescisednt
802 2546 881 2611 uolo

789 2953 963 3021 Ammo

770 3101 974 3145 Anvussceus

423 3271 547 3339 Laetus
577 3293 662 3349 sum,
694 3282 731 3339 ut
761 3295 856 3340 meae
888 3296 939 3340 res
972 3276 1043 3340 sese
1075 3275 1210 3352 habent,
1239 3275 1329 3341 fratri
1359 3275 1415 3342 db·
1433 3275 1503 3356 V4

488 3378 603 3460 tigisse
619 3375 710 3461 quod
727 3378 808 3444 uolt.

424 3479 536 3563 Quam
559 3479 722 3558 scitumst‚
747 3484 818 3548 eius
842 3483 935 3547 modi
958 3482 991 3547 in
1015 3485 1127 3548 animo
1150 3481 1268 3568 parire
1290 3485 1417 3568 cupidi·

489 3582 585 3661 titos,

426 3686 530 3771 Quas,
568 3687 670 3772 qudm
712 3711 764 3754 res
805 3691 969 3756 aduorsae
1011 3691 1106 3767 sient,
1149 3689 1248 3774 pauld
1291 3692 1415 3757 mederi

489 3791 615 3876 possis!

426 3896 492 3961 Hic
517 3895 616 3983 simul
642 3905 817 3981 argentum
841 3897 997 3982 repperit,
1022 3897 1102 3963 cord
1126 3919 1199 3964 sese
1222 3899 1412 3984 expediuit;

424 4001 501 4084 Ego
532 3999 623 4066 nullo
654 4021 793 4086 possum
824 4002 973 4066 remedio
1008 4023 1060 4066 me
1097 4001 1252 4068 eudluere
1285 4024 1330 4067 ex
1366 4003 1417 4068 his
1491 4027 1504 4078 5

491 4103 605 4179 turbis,
