3409 5050
287 452 309 516 6
707 449 892 504 TERENTI
912 449 1120 515 ,PHORMlo

462 637 603 704 Memini
619 638 760 723 relinqui
777 640 830 704 me
842 642 908 705 deo
924 637 1007 704 irato
1023 659 1109 705 meo.

287 742 327 808 75
461 743 567 827 Coepi
584 741 754 808 aduorsari
772 743 899 829 primo:
926 745 1009 828 quid
1025 742 1136 808 uerbis
1152 748 1274 828 opust?

463 846 544 912 Seni
560 847 666 912 fidelis
683 845 762 912 drlm
779 869 865 922 sum,
881 847 1035 931 scapulas
1051 847 1191 931 perdidi.

370 951 436 1017 DA.
460 951 591 1015 Venere
607 953 640 1016 in
657 962 803 1017 mentem
820 952 865 1015 mi
882 949 1000 1016 istaec:
1029 971 1173 1035 namque
1190 949 1360 1026 inscitiast,

460 1054 655 1121 Adudrsum
671 1056 842 1121 stimulum
855 1053 973 1120 calces.
1020 1053 1084 1119 GE.
1109 1054 1213 1137 Coepi
1229 1055 1277 1120 eis
1293 1052 1405 1117 dmnia

460 1161 595 1236 Facere,
612 1157 751 1244 dbsequi
764 1180 851 1244 quae
868 1160 1000 1224 uellent.
1046 1160 1113 1223 Dn.
1139 1158 1237 1224 Scisti
1253 1157 1302 1222 uti
1317 1157 1399 1222 soro.

225 1284 243 1320 ο
285 1263 326 1326 80
373 1261 437 1327 GE.
460 1264 583 1328 Noster
598 1263 675 1329 mali
692 1265 736 1328 nil
752 1261 934 1348 quicquam
949 1263 1076 1348 primo;
1104 1263 1158 1326 hic
1173 1261 1334 1327 Phaedria

459 1366 628 1431 Continuo
645 1369 811 1452 quandam
829 1366 947 1432 nactus
962 1376 1013 1432 est
1028 1366 1209 1450 puellulam

459 1470 711 1547 Citharlstriam,
728 1472 813 1535 hanc
830 1470 941 1536 amare
957 1471 1070 1554 coepit
1084 1470 1224 1554 perdite.

457 1574 510 1639 Ea
525 1575 691 1640 seruiebat
707 1576 816 1639 lenoni
834 1574 1071 1660 inpurlssumo,

459 1679 580 1763 Neque
596 1677 687 1763 qudd
703 1681 837 1745 daretur
852 1678 1052 1764 quicquam;
1080 1679 1113 1744 id
1129 1676 1284 1744 curarint
1298 1688 1417 1762 patres

458 1782 620 1848 Restabat
635 1784 723 1848 aliud
740 1782 785 1848 nil
802 1785 864 1847 nisi
879 1785 994 1848 oculos
1010 1781 1157 1867 piscere,

459 1885 596 1962 Sectari
614 1889 646 1950 in
663 1886 778 1951 ludum
796 1885 919 1952 ducere
935 1898 969 1951 et
984 1884 1176 1952 redddcere.

458 1990 530 2055 Nos
546 1988 644 2054 dtiosi
660 1988 797 2075 operam
814 1992 976 2056 dabamus
993 1991 1183 2054 Phaedriae.

459 2093 498 2158 In
515 2115 583 2178 quo
599 2094 681 2159 haec
698 2095 849 2160 discebat
864 2094 952 2170 ludo,
969 2097 1194 2159 exaduersum
1211 2092 1288 2158 ssico

457 2197 636 2263 Tonstrina
651 2208 722 2263 erat
737 2201 921 2282 quaedam:
948 2197 1002 2262 hic
1018 2195 1209 2262 solebamus
1226 2197 1294 2261 sere

457 2299 655 2384 Plerumque
671 2323 745 2367 eam
762 2301 919 2386 opperiri,
936 2304 1017 2366 dum
1033 2303 1111 2367 inde
1127 2304 1188 2368 iret
1202 2303 1348 2366 domum.

458 2406 590 2471 Interea
605 2407 686 2469 dum
702 2407 857 2471 sedemus
874 2408 928 2481 illi,
945 2407 1121 2491 interuenit

456 2509 666 2575 Adulescens
682 2511 820 2595 quidam
835 2509 1030 2576 lacrumans.
1077 2532 1138 2576 nos
1155 2509 1319 2588 mirarica

457 2612 631 2699 Rogaimus
658 2617 739 2699 quid
770 2618 822 2681 sit.
868 2614 1073 2700 ‘numquam
1101 2617 1225 2700 aeque'
1254 2618 1361 2700 inquit
1388 2614 1446 2681 ‘alc

522 2720 625 2783 modo

457 2823 637 2906 Paupertas
654 2821 734 2887 mihi
750 2842 835 2887 onus
852 2822 995 2889 ulsumst
1010 2833 1044 2888 et
1058 2826 1216 2889 miserum
1232 2828 1266 2892 et
1281 2848 1393 2911 graue.

457 2928 564 2991 Modo
581 2925 749 3011 quandam
766 2928 833 2991 uidi
852 2926 1015 3011 uirginem
1034 2928 1088 2992 hic
1105 2928 1247 2995 uiciniae

457 3027 615 3094 Miseram
631 3052 725 3094 suam
743 3042 884 3095 matrem
900 3029 1072 3096 lalmentari
1090 3031 1262 3099 mdrtuam.

455 3133 507 3199 Ea
522 3132 585 3198 slta
600 3144 670 3198 erat
686 3132 921 3212 exadudrsum,
938 3156 1047 3220 neque
1063 3136 1109 3200 illi
1125 3138 1301 3202 beniuolus

456 3238 576 3322 Neque
592 3236 690 3303 ndtus
706 3260 815 3322 neque
832 3237 995 3322 cognitus
1011 3251 1107 3306 extra
1122 3264 1223 3307 unam
1239 3241 1405 3307 aniculam

456 3340 645 3427 Quisquam
660 3342 785 3419 aderat,
801 3346 859 3428 qui
876 3343 1039 3411 adiutdret
1054 3346 1169 3412 sunus:
1197 3345 1422 3413 miseritumst.

455 3447 561 3530 Virgo
577 3446 650 3530 ipsa
665 3446 749 3511 faeie
765 3449 918 3531 egregia)
964 3452 1046 3534 quid
1062 3450 1173 3515 uerbis
1188 3458 1311 3536 opust?

456 3548 651 3616 Commdrat
666 3552 775 3615 omnis
791 3549 861 3617 nds.
909 3554 953 3619 ibi
970 3556 1130 3620 continuo
1146 3541 1299 3639 Antipho

457 3652 627 3718 ‘Voltisne
644 3675 760 3719 eamus
776 3654 924 3722 uisere?'
949 3660 1031 3723 alius
1047 3659 1206 3723 ‘oensem

457 3755 599 3823 Eamus:
627 3760 693 3824 duc
710 3781 770 3826 nos
787 3759 907 3827 sodes!
953 3764 1050 3838 imus,
1068 3764 1230 3838 uenimus,

456 3862 627 3928 Videmus.
674 3865 770 3948 uirgo
787 3864 936 3949 pulchra,
953 3876 987 3932 et
1002 3887 1070 3950 quo
1087 3868 1194 3950 magis
1210 3865 1348 3945 diceres,

456 3967 513 4031 Nil
528 3966 644 4032 aderat
659 3968 840 4062 adiumenti
857 3970 899 4034 ad
916 3968 1216 4054 pulchritudinem:

458 4070 606 4158 Capillus
623 4092 751 4157 passus,
769 4066 878 4137 ludus
894 4093 965 4156 pes,
982 4073 1053 4157 ipsa
1070 4073 1210 4156 hqrrida,

299 4178 301 4191 '
397 4264 399 4271 s
457 4177 651 4254 Lacrumae,
668 4176 808 4273 uestitus
824 4173 949 4260 turpis:
976 4187 1022 4253 ut,
1039 4178 1072 4241 ni
1089 4176 1140 4243 uls
1156 4179 1236 4244 boni
