3409 5050
642 353 827 410 TERENTI
857 353 1056 409 PHORMIO.

400 545 440 609 In
456 543 528 628 ipsa
545 544 667 610 inesset
682 543 796 620 idrma,
811 545 896 610 haec
913 546 1054 610 formam
1071 543 1314 628 extinguerent.

402 648 462 712 Ilie
479 649 536 732 qui
553 647 642 714 illam
659 650 794 714 amabat
808 648 989 724 fidicinam,
1006 647 1134 713 tantum
1151 651 1254 713 modo

401 752 527 817 ‘Satis'
557 751 664 836 inquit
695 752 868 831 ‘scitast’;
905 749 1017 818 nister
1048 773 1129 816 uero
1152 803 1160 817 .
1185 803 1193 818 .
1218 752 1286 818 DA.
1317 750 1388 816 lam
1444 765 1475 812 60

466 877 555 922 scio:

400 959 526 1026 Amdre
572 960 696 1045 coepit.
765 960 830 1025 GE.
869 959 949 1026 Scin
994 967 1117 1044 quam?
1161 981 1230 1044 quo
1267 957 1388 1024 euadit

466 1067 552 1130 uide.

400 1169 561 1234 Postridie
579 1170 620 1234 ad
637 1189 738 1232 anum
756 1169 845 1232 ricta
861 1168 988 1252 pergit:
1015 1166 1179 1242 dbsecrat‚

398 1273 446 1337 Vt
460 1272 523 1337 sibi
540 1274 610 1337 eius
627 1272 726 1336 saciat
743 1269 886 1354 cupiam.
931 1273 985 1335 ilia
1001 1274 1090 1335 enim
1107 1272 1143 1336 sd
1158 1283 1259 1355 negat

400 1375 522 1460 Neque
549 1397 626 1464 eum
653 1377 797 1459 aiquom
824 1385 871 1439 art
898 1375 1022 1464 faeere:
1057 1373 1148 1439 illam
1178 1376 1287 1440 ciuem
1315 1395 1388 1440 esse

465 1469 624 1555 Atticam,

399 1582 529 1649 Bonam
545 1584 642 1647 bonis
658 1580 876 1666 prognatam:
900 1584 927 1646 si
944 1583 1085 1646 uxorim
1102 1583 1192 1657 uelit,
1319 1658 1321 1661 ¹
1443 1591 1475 1656 65

400 1688 492 1771 Lege
507 1687 541 1752 id
558 1687 657 1751 licere
673 1685 780 1750 idcere
796 1707 804 1762 ;
827 1688 878 1750 sin
895 1686 997 1761 alitdr,
1014 1696 1124 1769 negat

400 1791 524 1856 Nostin
539 1793 620 1876 quid
637 1800 750 1872 ageret
767 1790 913 1854 nescire:
938 1801 972 1856 et
987 1791 1076 1854 iilam
1093 1788 1214 1854 discere

399 1895 568 1980 Cupiibat
582 1904 616 1959 et
631 1895 801 1960 metuebat
816 1894 989 1958 absentem
1005 1904 1145 1977 patrem.

313 1999 379 2064 DA.
401 1997 490 2072 Non,
507 1999 536 2062 si
552 2001 700 2075 redisset,
717 1998 748 2062 ei
764 2008 859 2082 pater
876 1996 1009 2062 ueniam
1025 1999 1141 2062 daret?

228 2104 289 2166 120
314 2102 378 2167 Gn
401 2103 462 2167 lile
478 2101 662 2168 indotatam
678 2101 840 2186 uirginem
858 2112 959 2184 atque
976 2099 1157 2185 igndbilem
1444 2124 1474 2172 70

399 2207 505 2271 Daret
534 2206 601 2272 illi?
640 2227 823 2290 numquam
852 2203 983 2269 iaceret
1041 2205 1109 2270 DA.
1145 2204 1236 2288 Quid
1268 2205 1306 2271 fit
1335 2206 1388 2270 de

464 2313 587 2395 nique?

313 2416 377 2490 GE.
399 2415 489 2498 Quid
506 2414 586 2479 siat?
609 2425 659 2479 est
674 2414 838 2498 parasitus
855 2415 992 2498 quidam
1006 2411 1174 2491 Phdrmiu,

399 2515 514 2584 Homd
529 2519 719 2583 confidens:
747 2520 803 2602 qui
821 2517 913 2582 ilium
929 2520 962 2582 di
980 2540 1098 2584 omnes
1115 2519 1288 2603 pirduint!

313 2626 382 2689 DA·
404 2623 495 2707 Quid
526 2624 553 2687 is
585 2623 684 2689 fecit?
740 2622 805 2687 GE.
838 2623 915 2687 Hoc
945 2623 1123 2688 consilium
1155 2626 1248 2708 quod
1278 2622 1387 2689 dicim

465 2728 573 2791 dedit:
1468 2722 1473 2730 ’

228 2832 290 2895 125
400 2830 492 2917 ‘Lex
507 2831 558 2895 tst
573 2840 610 2895 ut
625 2830 738 2907 orbae,
755 2829 813 2914 qui
829 2832 895 2895 sint
911 2852 1033 2914 genere
1049 2829 1216 2915 prdxumi
1442 2849 1472 2902 75

401 2934 459 2998 Eis
504 2932 639 3009 nubant,
684 2944 718 2998 et
762 2934 836 2998 illos
877 2933 999 2998 ducere
1040 2937 1160 2999 eadem
1204 2934 1288 2998 haec
1333 2934 1387 2997 lex

465 3038 565 3102 iubet
1176 3053 1180 3059 ’

400 3142 476 3225 Ego
492 3143 525 3207 tt
541 3152 722 3225 cognatum
739 3142 849 3207 dicam
866 3154 900 3207 et
914 3144 974 3207 tibi
991 3142 1135 3208 scribam
1152 3144 1280 3219 dieam;

401 3247 578 3312 Paternum
594 3248 739 3311 amicum
757 3268 810 3310 me
826 3245 1035 3311 adsimulabo
1053 3246 1208 3328 uirginis:

400 3350 458 3415 Ad
475 3348 600 3414 iudices
616 3352 806 3414 uenidmus:
835 3352 892 3434 qui
910 3350 1008 3416 fuerit
1024 3361 1128 3434 pater,

401 3454 498 3537 Quae
514 3453 629 3531 miter,
647 3456 703 3539 qui
721 3454 865 3538 cognita
880 3456 939 3520 tibi
956 3457 1007 3531 sit,
1023 3452 1136 3518 dmnia
1152 3454 1235 3518 haec
1443 3462 1473 3512 80

401 3557 620 3640 confingam:
662 3560 753 3641 quod
791 3560 854 3623 erit
891 3558 971 3622 mihi
1009 3560 1136 3622 bonum
1171 3569 1271 3641 atque
1302 3554 1388 3621 crim·
1498 3542 1504 3550 ⁸

465 3664 614 3738 modum,

401 3766 514 3849 Quom
531 3778 565 3831 tu
583 3764 701 3830 hdrum
719 3766 764 3829 nil
782 3766 918 3841 refelles,
936 3768 1068 3830 uincam
1084 3765 1220 3831 scilicet

384 3872 496 3936 ·Pater
511 3869 637 3935 aderit:
662 3871 742 3933 mihi
759 3868 894 3954 paraitae
910 3871 1001 3934 lites:
1029 3868 1109 3953 quid
1127 3877 1223 3934 mea?

402 3975 461 4040 illa
492 3976 628 4060 quidem
666 3984 778 4038 nostra
812 3970 894 4037 erit!
955 3975 1021 4038 DA.
1061 3973 1245 4037 Iocularem
1286 3972 1385 4037 auda-

467 4100 563 4144 cram.
