3409 5050
247 452 291 529 98
669 450 855 505 TERENTI
884 446 1085 506 PHORMIO.

357 634 423 701 Nu
449 633 540 719 Quid
571 656 637 720 ego
665 658 774 721 aequo
802 639 937 703 animo?
967 636 1067 722 cepio
1092 638 1212 702 misera
1235 637 1268 702 in
1290 636 1354 703 hec
1378 658 1412 703 re

509 741 575 804 iam
591 727 834 825 defungierpiv
850 732 913 805 Vx
938 748 1007 779 θ’
1026 726 1172 805 ‘me'-

446 842 513 910 Sed
530 844 587 927 qui
605 844 640 910 id
656 851 810 929 sperem?
829 844 938 911 aetete
954 866 1055 931 porro
1072 842 1180 910 minus
1196 843 1412 929 peccaturdm

508 954 646 1032 putem?

445 1049 517 1116 Idm
540 1061 611 1117 tum
636 1062 707 1117 erat
729 1053 841 1129 senex,
863 1062 1018 1118 senectus
1040 1050 1070 1116 si
1094 1050 1300 1131 uereqmrdds
1324 1051 1410 1137 sagit

443 1144 499 1221 Ᾱῃ
531 1176 606 1220 mea
636 1156 744 1221 forma
774 1167 875 1241 atque
899 1158 988 1221 aetas
1011 1177 1099 1220 nunc
1123 1156 1230 1239 magis
1252 1156 1409 1239 expeten·
1466 1174 1498 1229 35

509 1261 592 1336 dast,
608 1259 802 1343 Demipho?

249 1363 333 1427 1025
445 1361 536 1446 Quid
568 1366 612 1427 mi
639 1364 694 1428 hic
719 1363 838 1440 adfers,
866 1384 967 1447 quam
993 1360 1037 1427 db
1061 1383 1130 1427 rem
1154 1373 1332 1447 expectem
1356 1374 1413 1427 aut

509 1467 640 1551 sperem
657 1487 758 1551 porro
774 1464 841 1531 ndn
858 1466 950 1531 sore?

356 1569 421 1634 ΡΗ.
446 1558 636 1655 Exsequias
672 1571 841 1636 Chremeti
874 1570 997 1655 quibus
1027 1580 1077 1635 est
1107 1567 1323 1634 cdmmodum
1354 1571 1410 1645 ire,

508 1695 562 1738 em
578 1676 711 1759 tempus
726 1684 785 1739 est

444 1776 499 1843 Sic
530 1779 636 1843 dabo:
671 1798 734 1861 age
764 1798 863 1854 nunc,
892 1774 1127 1844 Phdrmiouem
1158 1775 1216 1861 qui
1246 1779 1338 1842 uolet
1367 1776 1413 1842 la·

509 1882 647 1946 cessito:

444 1981 1410 2157 Feggfflgfflattfljmfflussrsortdnio.

356 2092 425 2157 Dr.
449 2091 468 2126 ⁹
513 2092 627 2169 bsecro,
642 2091 1148 2175 netdmsaevie'risffllnueiram
1160 2090 1391 2156 Nausistrata.

356 2196 420 2260 PH.
445 2195 576 2260 Redeat
604 2215 684 2259 saue
714 2196 748 2258 in
778 2193 919 2278 gretiam
934 2184 1033 2258 'iam:
1075 2192 1219 2277 supplici
1249 2194 1329 2257 satis
1358 2192 1408 2258 est
1462 2218 1495 2265 40

487 2298 579 2364 mihi

245 2401 329 2465 1030
440 2398 552 2465 Hebet
577 2400 661 2465 haec
684 2406 716 2465 et·
739 2399 839 2485 qued,
863 2401 944 2465 dum
969 2400 1070 2476 uiuat,
1096 2396 1201 2485 risque
1226 2399 1268 2464 ad
1293 2418 1406 2463 aurem

505 2501 697 2588 obgenniat.

350 2609 417 2674 NA.
441 2598 490 2675 At
512 2630 588 2673 meo
612 2610 731 2672 merito
754 2609 866 2673 credo.
891 2608 973 2692 quid
998 2627 1063 2692 ego
1088 2606 1175 2673 ndnc
1199 2629 1405 2673 commemo-

504 2732 583 2786 rem,
600 2712 781 2795 Demipho,

438 2815 649 2898 Singulatim,
666 2814 773 2899 quelis
788 2835 854 2898 ego
877 2816 910 2880 in
933 2815 1023 2880 hunc
1046 2813 1185 2883 iderim?
1232 2817 1299 2882 DE.
1316 2817 1406 2882 Noui

503 2940 608 3003 aeque
623 2918 736 2982 dmnia

436 3025 574 3089 Tecum.
634 3023 700 3086 ΝΑ.
740 3023 867 3088 Merito
894 3024 960 3088 hoe
991 3021 1067 3088 med
1097 3025 1230 3089 uidetur
1259 3022 1406 3090 sectum?

502 3128 569 3194 DE.
594 3129 745 3192 Miuume
761 3128 921 3211 gentium.

436 3232 562 3296 Verum
594 3233 659 3296 iam
689 3233 826 3316 quando
848 3229 1039 3298 decusando
1062 3231 1133 3296 fieri
1157 3231 1316 3342 ΞΜ]
1340 3231 1406 3296 ndn
1462 3256 1494 3309 45

503 3345 623 3420 potest,

243 3442 326 3506 1035
438 3425 599 3523 ignosce:
627 3452 700 3506 orat
716 3439 893 3506 cdnhtetur
908 3439 1054 3526 pergat-t
1073 3441 1153 3525 quid
1169 3443 1220 3505 uis
1240 3439 1405 3526 emplius?

351 3545 413 3609 PH.
440 3531 540 3606 Enim
571 3565 652 3608 uero
684 3547 775 3630 prius
807 3567 910 3628 quam
941 3543 1024 3610 haec
1060 3545 1118 3609 dat
1150 3547 1293 3622 ueniam,
1325 3544 1405 3610 mthi

502 3650 705 3733 prospiciam
723 3661 757 3714 et
772 3650 963 3714 Phaedriae.

439 3749 534 3816 Heirs
579 3751 797 3828 Nausistrate,
836 3755 927 3836 prius
966 3773 1067 3836 quam
1106 3753 1184 3817 huic
1222 3752 1405 3837 respendes

503 3867 638 3931 temere,
655 3855 742 3922 audi.
790 3857 856 3920 NA.
881 3856 972 3938 Quid
988 3863 1059 3922 est?

350 3961 414 4028 ΡΗ.
440 3947 647 4043 Εςοωίηεε
669 3959 805 4043 triginta
826 3980 887 4043 per
910 3959 1073 4024 salldciam
1094 3960 1136 4025 ab
1162 3961 1238 4024 illoc
1262 3957 1401 4025 dbstuli:

438 4063 506 4129 Eds
536 4065 613 4128 dedi
643 4075 705 4130 tuo
734 4062 854 4148 gatto:
897 4065 924 4127 is
959 4085 1021 4150 pro
1054 4085 1114 4128 sua
1150 4063 1257 4128 amica
1292 4062 1405 4128 lenoni
1463 4087 1494 4138 50

502 4169 604 4233 dedit.
690 4165 694 4171 ’

462 4278 465 4284 ’
584 4284 603 4319 ⁹
617 4283 728 4334 Versum
738 4283 870 4348 suppleuit
882 4283 935 4335 Iac.
948 4283 989 4333 Br.
1003 4283 1160 4335 Gronouius.
