3409 5050
264 485 304 532 22
679 462 865 517 TERENTI
893 461 1095 516 PHORMIO.

263 654 324 718 245
436 651 638 720 Commdnia
660 674 733 718 esse
756 652 850 728 haec,
868 651 939 716 sieri
960 671 1072 736 posse,
1089 659 1126 715 ut
1145 649 1187 714 ne
1207 649 1289 734 quid
1310 648 1422 712 animo
1482 667 1511 718 ¹5

500 756 544 822 sit
566 777 709 832 nouom;

436 860 611 947 Quidquid
637 871 769 945 praeter
792 881 889 945 spem
913 861 1054 935 eueniat,
1078 879 1178 923 omne
1203 859 1237 922 id
1262 857 1423 941 deputare

500 987 574 1030 esse
598 964 632 1030 in
656 965 756 1030 lucro.

347 1068 411 1138 Ga.
436 1071 467 1136 O
494 1069 665 1144 Phaedria,
690 1064 955 1156 incredibile[st]
978 1076 1140 1153 quantum
1163 1085 1257 1131 erum
1280 1062 1357 1129 ante
1380 1085 1422 1128 eo

499 1175 670 1259 sapientia

435 1276 598 1342 Meditata
621 1278 701 1342 mihi
723 1287 802 1342 sunt
823 1274 936 1340 dmnia
959 1295 1034 1340 mea
1056 1272 1280 1348 incdmmoda,
1296 1293 1371 1337 erus
1394 1275 1422 1336 si

500 1383 652 1447 redierit:

433 1487 666 1551 Molendumst
705 1487 738 1550 in
780 1483 930 1570 pistrino,
970 1482 1209 1568 uapulandum,
1247 1481 1421 1546 habendae

498 1588 689 1674 cdmpedes.

259 1693 321 1758 250
433 1693 531 1778 Opus
549 1691 615 1758 rdri
632 1692 833 1758 faciundum.
880 1690 1000 1757 hdrum
1021 1692 1067 1757 nil
1088 1692 1270 1776 quicquam
1290 1687 1421 1755 decidet
1478 1712 1509 1748 20

496 1795 608 1861 animd
628 1817 765 1862 nouom.

431 1899 606 1986 Quidquid
630 1913 762 1985 praeter
784 1921 880 1985 spem
904 1901 1045 1977 eueniet,
1068 1919 1168 1964 omne
1191 1900 1225 1963 id
1248 1899 1420 1983 deputabo

497 2026 569 2070 esse
586 2004 618 2069 in
634 2004 737 2070 lucro.

430 2107 500 2174 Sed
524 2110 604 2194 quid
627 2130 738 2174 cessas
761 2107 932 2174 hdminem
955 2109 1046 2174 adire
1069 2118 1103 2173 et
1124 2105 1246 2173 blande
1271 2108 1304 2171 in
1330 2109 1419 2192 prin·

496 2214 585 2297 cipio
600 2210 760 2298 idioqui?

343 2315 410 2382 DE.
436 2317 631 2382 Phaedriam
648 2319 713 2381 mei
729 2315 836 2382 srdtris
853 2315 954 2381 uideo
970 2315 1077 2382 iilium
1093 2317 1139 2382 mi
1156 2317 1202 2380 ire
1216 2314 1363 2381 dbuiam.

342 2420 406 2486 ΡΗ.
431 2421 480 2484 Mi
497 2419 624 2506 patrue,
640 2421 742 2486 salue.
788 2423 857 2485 DE.
882 2419 1001 2498 Salam
1026 2422 1087 2485 sed
1104 2420 1194 2486 ubist
1208 2408 1389 2503 Antipho?

255 2524 318 2588 255
343 2526 406 2591 PH.
430 2522 567 2591 Saludm
608 2526 722 2591 uenire
759 2575 768 2592 .
807 2575 815 2592 .
862 2526 930 2591 Da.
966 2525 1077 2591 Credo
1092 2546 1102 2604 ς
1146 2525 1212 2589 hoc
1250 2525 1417 2609 responde
1475 2546 1505 2598 25

495 2629 588 2695 mihi.

342 2731 404 2795 PH.
429 2732 538 2805 Valet,
555 2731 609 2797 hic
624 2742 692 2809 est;
719 2734 778 2798 sed
796 2736 881 2798 satin
896 2731 1009 2799 dmnia
1024 2754 1069 2799 ex
1085 2734 1269 2798 sententia?

340 2834 408 2899 DE.
431 2834 561 2899 Vellem
592 2837 740 2919 quidem.
787 2836 849 2901 PH.
874 2836 966 2919 Quid
997 2835 1082 2902 istdc
1108 2845 1179 2902 est?
1224 2838 1291 2902 DE.
1316 2837 1417 2922 Rogi-

492 2949 552 3014 tas,
570 2937 754 3004 Phaedria?

426 3040 538 3106 Bonds
555 3063 607 3106 me
624 3043 760 3108 absente
776 3043 832 3107 hic
848 3042 1037 3109 edniecistis
1053 3042 1197 3129 miptias.

339 3146 403 3209 PH.
427 3145 514 3221 Eho,
531 3166 574 3209 an
590 3145 623 3211 id
639 3167 813 3211 suscenses
830 3145 918 3211 minc
934 3146 1003 3213 illi?
1047 3148 1110 3214 Gn
1140 3148 1315 3215 Artificem

492 3249 655 3333 probum!
1000 3318 1003 3327 ,

252 3350 315 3414 260
339 3351 405 3416 ΒΕ.
427 3352 526 3435 Egon
543 3351 588 3417 ilii
605 3373 672 3417 non
687 3354 922 3421 suscenseam?
946 3357 1057 3441 ipsum
1073 3358 1180 3441 gestio
1460 3382 1505 3445 -30

425 3456 508 3520 Dari
524 3457 569 3520 mi
585 3455 618 3521 in
633 3470 864 3542 conspectum,
881 3458 968 3525 ndnc
983 3482 1045 3526 sua
1060 3462 1159 3547 culpa
1174 3460 1211 3528 dt
1225 3463 1308 3530 sciat

426 3559 554 3625 Lenem
570 3571 699 3643 patrem
716 3563 808 3627 iilum
826 3562 951 3629 ficetum
968 3586 1022 3630 me
1037 3586 1110 3630 esse
1127 3567 1345 3632 acerrumum.

339 3665 400 3727 ΡΗ.
423 3661 531 3747 Atqui
546 3665 628 3729 nihil
648 3664 734 3740 iecit.
752 3665 880 3750 pdtrne
896 3670 988 3753 quod
1005 3671 1209 3736 suscenseas.

339 3768 406 3831 DE.
431 3766 521 3832 Ecce
537 3765 648 3832 adtem
663 3770 784 3835 similia
799 3769 929 3836 dmnia!
956 3794 1073 3837 omnes
1089 3772 1294 3856 cdngruont:

251 3872 314 3935 265
424 3868 538 3936 Vntim
556 3894 660 3956 quom
677 3876 776 3949 noris,
792 3873 901 3939 dmnis
917 3878 1016 3942 noris.
1063 3878 1126 3941 ΡΗ.
1152 3877 1254 3944 Hatid
1271 3880 1358 3944 itast.
1472 3903 1503 3955 35

283 4029 285 4036 .
338 3976 403 4041 DE.
429 3976 545 4041 Hicin
562 3974 703 4053 ndxiast
721 3979 774 4043 iile
790 3976 834 4043 td
850 3979 1025 4045 dicendam
1042 3979 1176 4046 cadsam
1192 3984 1304 4060 adest;
1441 4060 1444 4065 ,

427 4080 541 4163 Quom
566 4080 662 4157 illest,
681 4081 737 4146 hic
760 4094 943 4167 praestost:
972 4083 1106 4152 tradunt
1130 4107 1251 4171 operas
1272 4085 1414 4152 mdtuas.

339 4184 401 4249 GE.
427 4185 534 4250 Probe
551 4183 669 4251 hdrum
686 4186 773 4252 facta
789 4185 970 4272 inprddens
985 4189 1140 4274 depinxit
1154 4211 1270 4257 senex.
