3409 5050
671 405 857 459 TERENTI
886 406 1089 462 PHORMIO.

556 794 750 859 Pmsnnn
837 793 1011 860 Amrmo
1099 795 1202 862 ΕΒΓΑ

533 942 775 985 ADVLESCENTES
918 943 942 984 11
1097 945 1212 988 SERVOS

340 1119 401 1182 Pil.
425 1116 515 1200 Quid
541 1117 681 1182 faciam?
707 1117 797 1180 unde
820 1137 886 1200 ego
910 1114 997 1180 minc
1020 1125 1090 1181 tam
1113 1117 1226 1182 subito
1249 1117 1327 1180 huic
1414 1116 1502 1196 1113

490 1221 665 1305 argentum
684 1218 852 1284 inueniam
871 1221 978 1292 miser,

250 1326 312 1388 535
426 1325 517 1409 Quoi
548 1326 657 1389 minus
697 1323 855 1389 nihilost?
898 1322 999 1407 quud,
1032 1322 1087 1387 hic
1123 1325 1151 1388 si
1187 1335 1267 1409 pote
1304 1322 1419 1388 suisset

490 1428 659 1494 exoririer
710 1491 711 1496 ,

425 1533 590 1599 Triduom
614 1536 690 1608 hoc,
715 1531 918 1617 promissum
943 1530 1058 1596 iuerat.
1104 1531 1175 1594 ΑΝ.
1208 1515 1304 1595 itane
1328 1531 1417 1596 hunc

489 1637 663 1722 patiemur,
679 1637 776 1713 Geta,

423 1743 510 1806 Fieri
542 1745 710 1819 miserum,
742 1741 800 1825 qui
831 1761 885 1805 me
915 1741 1055 1813 dudum,
1087 1749 1123 1803 ut
1152 1737 1246 1814 dixti,
1278 1739 1418 1803 adiuerit

490 1845 649 1924 cumiter?

426 1949 516 2032 Quin
548 1970 651 2034 quom
679 1959 789 2033 opust,
816 1947 1018 2014 beneficium
1046 1967 1177 2011 rursum
1205 1958 1237 2012 el
1262 1947 1415 2030 experie-
1490 1967 1503 2018 5

492 2075 565 2118 mur
588 2054 748 2118 reddere?

338 2157 402 2223 Ge.
425 2155 504 2224 Scio
527 2158 684 2241 equidem
707 2158 773 2221 hoc
796 2178 870 2222 esse
897 2158 1050 2241 aequom.
1097 2155 1166 2220 AN.
1212 2155 1290 2237 Age
1320 2175 1413 2238 ergo,

489 2259 578 2325 sulus
593 2282 727 2325 seruare
744 2259 832 2324 hunc
849 2271 956 2345 potes.

250 2367 312 2429 540
337 2365 397 2430 Ga.
421 2364 512 2449 Quid
529 2365 670 2429 faciam?
693 2366 760 2429 AN.
786 2363 942 2428 Inuenias
958 2373 1143 2448 argentum.
1192 2362 1255 2429 GE.
1281 2361 1409 2448 Cupi03

488 2469 547 2533 sed
564 2470 598 2533 id
614 2469 712 2545 unde,
729 2469 846 2533 edoce.

337 2574 404 2637 An.
425 2572 521 2637 Pater
551 2575 645 2637 adest
676 2573 740 2637 hic.
786 2571 850 2637 Ga.
884 2572 980 2650 Sci0;
1017 2574 1076 2637 sed
1108 2574 1189 2657 quid
1221 2578 1314 2637 tum?
1344 2571 1414 2635 AN.

487 2676 555 2752 Ah,
572 2675 698 2741 dictum
714 2676 857 2760 sapienti
871 2688 922 2741 sat
938 2687 997 2749 est,

337 2781 400 2846 Gn.
424 2766 539 2845 itane?
570 2781 635 2843 AN.
664 2780 722 2845 lta
770 2778 832 2845 GE.
866 2780 952 2845 Sane
976 2780 1087 2845 hercle
1110 2780 1249 2864 pulchre
1272 2778 1409 2844 suades:

488 2885 588 2949 etiam
604 2895 640 2947 tu
657 2882 735 2947 hinc
752 2885 845 2947 abis?

422 2987 498 3052 N6n
517 2988 695 3069 triumphu,
715 3008 759 3051 ex
778 2985 901 3071 nuptiis
923 2990 987 3052 tuis
1009 2990 1036 3051 si
1060 2989 1105 3051 nil
1129 2985 1301 3051 nanciscar
1324 2988 1412 3060 mali,
1474 3009 1502 3044 ιο

422 3094 466 3156 Ni
492 3092 592 3155 etiam
618 3111 705 3155 nunc
733 3112 787 3154 me
811 3091 911 3155 huius
941 3090 1042 3155 carisa
1072 3112 1231 3175 quaerere
1261 3089 1295 3154 in
1327 3091 1415 3153 malo

489 3193 603 3259 iubeas
627 3201 782 3259 crucem?

250 3302 312 3365 545
337 3300 407 3365 ΑΝ.
430 3300 556 3364 Verum
587 3298 641 3362 hic
673 3300 762 3363 dicit.
825 3298 888 3362 ΡΗ.
928 3298 1041 3381 Quid?
1079 3320 1144 3382 ego
1179 3299 1287 3373 uobis,
1319 3296 1413 3370 Geta,

490 3404 616 3467 alienus
632 3403 732 3467 sum?
757 3402 819 3468 GE.
845 3400 947 3466 Hatid
964 3413 1065 3486 put0;

425 3507 491 3573 Sed
519 3528 682 3591 parumne
709 3518 767 3582 est,
797 3507 889 3591 quod
919 3505 1074 3571 6mnibus
1105 3526 1191 3570 nunc
1222 3502 1317 3570 nubis
1348 3525 1416 3568 sus-

490 3612 603 3676 censet
625 3632 740 3687 senex,

424 3716 468 3779 Ni
484 3714 679 3799 instigemus
692 3716 801 3791 etiam,
813 3724 849 3779 ut
859 3714 969 3778 nullus
981 3712 1073 3778 lucus
1087 3710 1290 3796 relinquatur
1302 3713 1415 3795 preci?

337 3822 401 3885 ΡΗ.
424 3808 521 3885 Alius
553 3821 595 3883 ab
627 3818 732 3884 oculis
764 3819 845 3883 meis
884 3819 973 3882 iilam
1008 3818 1041 3881 in
1080 3817 1232 3901 ignotum
1270 3816 1414 3880 abducet
1474 3837 1502 3889 ¹5

491 3926 626 3988 locum?
650 3924 744 3987 hem:

284 4042 286 4045 ’
423 4029 511 4093 Tum
542 4027 650 4111 igitur,
681 4028 761 4092 dum
792 4026 869 4090 licet
901 4025 1049 4109 dumque
1081 4026 1209 4099 adsum,
1241 4022 1414 4108 luquimini

491 4152 632 4207 mecum,
650 4119 813 4215 Antipho,
