<?xml version="1.0" encoding="UTF-8"?>
<!DOCTYPE html PUBLIC "-//W3C//DTD XHTML 1.0 Transitional//EN"
    "http://www.w3.org/TR/xhtml1/DTD/xhtml1-transitional.dtd">
<html xmlns="http://www.w3.org/1999/xhtml" xml:lang="en" lang="en">
 <head>
  <title>
</title>
<meta http-equiv="Content-Type" content="text/html;charset=utf-8" />
  <meta name='ocr-system' content='tesseract 3.04.00' />
  <meta name='ocr-capabilities' content='ocr_page ocr_carea ocr_par ocr_line ocrx_word'/>
</head>
<body>
  <div class='ocr_page' id='page_1' title='image "./pterentiafripho01greegoog/pterentiafripho01greegoog_0116.png"; bbox 0 0 3409 5050; ppageno 0'>
   <div class='ocr_carea' id='block_1_1' title="bbox 257 421 1091 510">
    <p class='ocr_par' dir='ltr' id='par_1_1' title="bbox 257 421 1091 510">
     <span class='ocr_line' id='line_1_1' title="bbox 257 421 1091 510; baseline -0.004 -32"><span class='ocrx_word' id='word_1_1' title='bbox 257 445 299 510; x_wconf 88' lang='lat'>92</span> <span class='ocrx_word' id='word_1_2' title='bbox 676 422 862 478; x_wconf 72' lang='lat' dir='ltr'>reanum</span> <span class='ocrx_word' id='word_1_3' title='bbox 891 421 1091 477; x_wconf 79' lang='lat' dir='ltr'>nnonuro.</span> 
     </span>
    </p>
   </div>
   <div class='ocr_carea' id='block_1_2' title="bbox 258 608 1587 3893">
    <p class='ocr_par' dir='ltr' id='par_1_2' title="bbox 258 608 1587 3893">
     <span class='ocr_line' id='line_1_2' title="bbox 345 608 1416 697; baseline -0.008 -18"><span class='ocrx_word' id='word_1_4' title='bbox 345 614 412 679; x_wconf 81' lang='lat' dir='ltr'>CH.</span> <span class='ocrx_word' id='word_1_5' title='bbox 434 613 512 696; x_wconf 88' lang='lat' dir='ltr'>Quo</span> <span class='ocrx_word' id='word_1_6' title='bbox 530 610 630 697; x_wconf 72' lang='lat' dir='ltr'>picto</span> <span class='ocrx_word' id='word_1_7' title='bbox 647 623 705 676; x_wconf 90' lang='lat' dir='ltr'>aut</span> <span class='ocrx_word' id='word_1_8' title='bbox 720 612 809 675; x_wconf 90' lang='lat' dir='ltr'>unde</span> <span class='ocrx_word' id='word_1_9' title='bbox 825 610 880 675; x_wconf 90' lang='lat' dir='ltr'>hic</span> <span class='ocrx_word' id='word_1_10' title='bbox 897 610 979 675; x_wconf 79' lang='lat' dir='ltr'>hade</span> <span class='ocrx_word' id='word_1_11' title='bbox 996 610 1151 675; x_wconf 84' lang='lat' dir='ltr'>resciuit?</span> <span class='ocrx_word' id='word_1_12' title='bbox 1185 609 1251 673; x_wconf 82' lang='lat' dir='ltr'>Dn.</span> <span class='ocrx_word' id='word_1_13' title='bbox 1275 608 1416 683; x_wconf 72' lang='lat' dir='ltr'>Nescio;</span> 
     </span>
     <span class='ocr_line' id='line_1_3' title="bbox 432 711 1509 801; baseline -0.004 -22"><span class='ocrx_word' id='word_1_14' title='bbox 432 717 504 779; x_wconf 95' lang='lat' dir='ltr'>Nisi</span> <span class='ocrx_word' id='word_1_15' title='bbox 522 717 574 801; x_wconf 76' lang='lat' dir='ltr'>me</span> <span class='ocrx_word' id='word_1_16' title='bbox 590 716 716 781; x_wconf 87' lang='lat' dir='ltr'>dixisse</span> <span class='ocrx_word' id='word_1_17' title='bbox 732 714 855 778; x_wconf 76' lang='lat' dir='ltr'>nemini</span> <span class='ocrx_word' id='word_1_18' title='bbox 873 711 963 778; x_wconf 77' lang='lat' dir='ltr'>certo</span> <span class='ocrx_word' id='word_1_19' title='bbox 979 716 1060 779; x_wconf 89' lang='lat' dir='ltr'>scio.</span> <span class='ocrx_word' id='word_1_20' title='bbox 1477 718 1509 767; x_wconf 84' lang='lat'>60</span> 
     </span>
     <span class='ocr_line' id='line_1_4' title="bbox 344 816 1421 894; baseline -0.008 -7"><span class='ocrx_word' id='word_1_21' title='bbox 344 822 410 888; x_wconf 83' lang='lat' dir='ltr'>CH.</span> <span class='ocrx_word' id='word_1_22' title='bbox 433 821 586 894; x_wconf 89' lang='lat' dir='ltr'>Monstri,</span> <span class='ocrx_word' id='word_1_23' title='bbox 626 816 673 883; x_wconf 91' lang='lat' dir='ltr'>lta</span> <span class='ocrx_word' id='word_1_24' title='bbox 710 839 763 882; x_wconf 89' lang='lat' dir='ltr'>me</span> <span class='ocrx_word' id='word_1_25' title='bbox 806 820 840 882; x_wconf 91' lang='lat' dir='ltr'>di</span> <span class='ocrx_word' id='word_1_26' title='bbox 880 828 1002 894; x_wconf 90' lang='lat' dir='ltr'>ament,</span> <span class='ocrx_word' id='word_1_27' title='bbox 1039 817 1155 881; x_wconf 88' lang='lat' dir='ltr'>slmile.</span> <span class='ocrx_word' id='word_1_28' title='bbox 1217 817 1279 881; x_wconf 83' lang='lat' dir='ltr'>PH.</span> <span class='ocrx_word' id='word_1_29' title='bbox 1319 816 1421 879; x_wconf 87' lang='lat' dir='ltr'>Inieci</span> 
     </span>
     <span class='ocr_line' id='line_1_5' title="bbox 497 922 943 1008; baseline -0.007 -20"><span class='ocrx_word' id='word_1_30' title='bbox 497 922 717 1008; x_wconf 43' lang='lat' dir='ltr'>scripulum*</span> <span class='ocrx_word' id='word_1_31' title='bbox 748 922 816 985; x_wconf 83' lang='lat' dir='ltr'>DE.</span> <span class='ocrx_word' id='word_1_32' title='bbox 842 922 943 997; x_wconf 89' lang='lat' dir='ltr'>Hem,</span> 
     </span>
     <span class='ocr_line' id='line_1_6' title="bbox 258 1012 1271 1108; baseline -0.004 -15"><span class='ocrx_word' id='word_1_33' title='bbox 258 1030 320 1093; x_wconf 81' lang='lat'>955</span> <span class='ocrx_word' id='word_1_34' title='bbox 432 1012 554 1107; x_wconf 65' lang='lat' dir='ltr'>Hicine</span> <span class='ocrx_word' id='word_1_35' title='bbox 571 1038 608 1091; x_wconf 87' lang='lat' dir='ltr'>ut</span> <span class='ocrx_word' id='word_1_36' title='bbox 623 1050 643 1089; x_wconf 88' lang='lat' dir='ltr'>a</span> <span class='ocrx_word' id='word_1_37' title='bbox 659 1027 756 1091; x_wconf 93' lang='lat' dir='ltr'>nobis</span> <span class='ocrx_word' id='word_1_38' title='bbox 774 1024 838 1089; x_wconf 85' lang='lat' dir='ltr'>hdc</span> <span class='ocrx_word' id='word_1_39' title='bbox 854 1036 982 1091; x_wconf 86' lang='lat' dir='ltr'>tantum</span> <span class='ocrx_word' id='word_1_40' title='bbox 1000 1027 1128 1108; x_wconf 83' lang='lat' dir='ltr'>argenti</span> <span class='ocrx_word' id='word_1_41' title='bbox 1144 1022 1271 1089; x_wconf 78' lang='lat' dir='ltr'>adserat</span> 
     </span>
     <span class='ocr_line' id='line_1_7' title="bbox 430 1127 1281 1216; baseline -0.009 -19"><span class='ocrx_word' id='word_1_42' title='bbox 430 1133 514 1197; x_wconf 85' lang='lat' dir='ltr'>Tam</span> <span class='ocrx_word' id='word_1_43' title='bbox 531 1134 647 1216; x_wconf 74' lang='lat' dir='ltr'>aperte</span> <span class='ocrx_word' id='word_1_44' title='bbox 663 1132 830 1194; x_wconf 85' lang='lat' dir='ltr'>inridens?</span> <span class='ocrx_word' id='word_1_45' title='bbox 853 1130 958 1193; x_wconf 72' lang='lat' dir='ltr'>emori</span> <span class='ocrx_word' id='word_1_46' title='bbox 975 1130 1087 1193; x_wconf 91' lang='lat' dir='ltr'>hercle</span> <span class='ocrx_word' id='word_1_47' title='bbox 1103 1127 1207 1193; x_wconf 77' lang='lat' dir='ltr'>saltius</span> <span class='ocrx_word' id='word_1_48' title='bbox 1222 1138 1281 1193; x_wconf 89' lang='lat' dir='ltr'>est.</span> 
     </span>
     <span class='ocr_line' id='line_1_8' title="bbox 422 1207 1141 1318; baseline -0.006 -19"><span class='ocrx_word' id='word_1_49' title='bbox 422 1230 556 1309; x_wconf 70' lang='lat' dir='ltr'>(Animo</span> <span class='ocrx_word' id='word_1_50' title='bbox 572 1207 657 1301; x_wconf 57' lang='lat' dir='ltr'>uirili</span> <span class='ocrx_word' id='word_1_51' title='bbox 675 1234 909 1318; x_wconf 76' lang='lat' dir='ltr'>praesentique</span> <span class='ocrx_word' id='word_1_52' title='bbox 926 1245 962 1298; x_wconf 92' lang='lat' dir='ltr'>ut</span> <span class='ocrx_word' id='word_1_53' title='bbox 977 1232 1021 1296; x_wconf 94' lang='lat' dir='ltr'>sls</span> <span class='ocrx_word' id='word_1_54' title='bbox 1039 1225 1141 1316; x_wconf 52' lang='lat' dir='ltr'>paras.)</span> 
     </span>
     <span class='ocr_line' id='line_1_9' title="bbox 430 1328 1508 1423; baseline -0.006 -19"><span class='ocrx_word' id='word_1_55' title='bbox 430 1340 534 1404; x_wconf 72' lang='lat' dir='ltr'>Vides</span> <span class='ocrx_word' id='word_1_56' title='bbox 549 1350 643 1405; x_wconf 91' lang='lat' dir='ltr'>tuom</span> <span class='ocrx_word' id='word_1_57' title='bbox 660 1336 836 1423; x_wconf 76' lang='lat' dir='ltr'>peccdtum</span> <span class='ocrx_word' id='word_1_58' title='bbox 853 1357 926 1401; x_wconf 90' lang='lat' dir='ltr'>esse</span> <span class='ocrx_word' id='word_1_59' title='bbox 944 1328 1066 1401; x_wconf 81' lang='lat' dir='ltr'>elatdni</span> <span class='ocrx_word' id='word_1_60' title='bbox 1083 1336 1170 1399; x_wconf 79' lang='lat' dir='ltr'>foras</span> <span class='ocrx_word' id='word_1_61' title='bbox 1193 1339 1197 1352; x_wconf 90' lang='lat'><em>&#39;</em></span> <span class='ocrx_word' id='word_1_62' title='bbox 1477 1342 1508 1407; x_wconf 81' lang='lat'>65</span> 
     </span>
     <span class='ocr_line' id='line_1_10' title="bbox 430 1440 1255 1527; baseline -0.006 -19"><span class='ocrx_word' id='word_1_63' title='bbox 430 1444 550 1527; x_wconf 90' lang='lat' dir='ltr'>Neque</span> <span class='ocrx_word' id='word_1_64' title='bbox 567 1446 632 1508; x_wconf 86' lang='lat' dir='ltr'>iarn</span> <span class='ocrx_word' id='word_1_65' title='bbox 648 1442 682 1507; x_wconf 91' lang='lat' dir='ltr'>ld</span> <span class='ocrx_word' id='word_1_66' title='bbox 699 1444 808 1507; x_wconf 89' lang='lat' dir='ltr'>celare</span> <span class='ocrx_word' id='word_1_67' title='bbox 824 1440 923 1525; x_wconf 86' lang='lat' dir='ltr'>pdsse</span> <span class='ocrx_word' id='word_1_68' title='bbox 939 1452 972 1504; x_wconf 90' lang='lat' dir='ltr'>te</span> <span class='ocrx_word' id='word_1_69' title='bbox 990 1441 1129 1503; x_wconf 71' lang='lat' dir='ltr'>uxorem</span> <span class='ocrx_word' id='word_1_70' title='bbox 1146 1451 1255 1504; x_wconf 89' lang='lat' dir='ltr'>tuam:</span> 
     </span>
     <span class='ocr_line' id='line_1_11' title="bbox 431 1541 1421 1631; baseline -0.007 -19"><span class='ocrx_word' id='word_1_71' title='bbox 431 1548 531 1612; x_wconf 91' lang='lat' dir='ltr'>Nunc</span> <span class='ocrx_word' id='word_1_72' title='bbox 566 1546 657 1631; x_wconf 83' lang='lat' dir='ltr'>qudd</span> <span class='ocrx_word' id='word_1_73' title='bbox 694 1549 766 1631; x_wconf 91' lang='lat' dir='ltr'>ipsa</span> <span class='ocrx_word' id='word_1_74' title='bbox 801 1566 845 1609; x_wconf 89' lang='lat' dir='ltr'>ex</span> <span class='ocrx_word' id='word_1_75' title='bbox 880 1545 951 1609; x_wconf 89' lang='lat' dir='ltr'>aliis</span> <span class='ocrx_word' id='word_1_76' title='bbox 987 1542 1138 1631; x_wconf 69' lang='lat' dir='ltr'>additura</span> <span class='ocrx_word' id='word_1_77' title='bbox 1168 1542 1220 1619; x_wconf 90' lang='lat' dir='ltr'>slt,</span> <span class='ocrx_word' id='word_1_78' title='bbox 1252 1541 1421 1617; x_wconf 87' lang='lat' dir='ltr'>Chremes,</span> 
     </span>
     <span class='ocr_line' id='line_1_12' title="bbox 433 1648 1070 1734; baseline -0.003 -19"><span class='ocrx_word' id='word_1_79' title='bbox 433 1652 473 1716; x_wconf 93' lang='lat' dir='ltr'>Id</span> <span class='ocrx_word' id='word_1_80' title='bbox 489 1650 619 1717; x_wconf 82' lang='lat' dir='ltr'>ndsmet</span> <span class='ocrx_word' id='word_1_81' title='bbox 635 1648 781 1715; x_wconf 68' lang='lat' dir='ltr'>indicare</span> <span class='ocrx_word' id='word_1_82' title='bbox 798 1648 994 1734; x_wconf 80' lang='lat' dir='ltr'>placabilius</span> <span class='ocrx_word' id='word_1_83' title='bbox 1012 1660 1070 1713; x_wconf 91' lang='lat' dir='ltr'>est.</span> 
     </span>
     <span class='ocr_line' id='line_1_13' title="bbox 432 1750 1281 1838; baseline -0.006 -19"><span class='ocrx_word' id='word_1_84' title='bbox 432 1755 519 1819; x_wconf 91' lang='lat' dir='ltr'>Tum</span> <span class='ocrx_word' id='word_1_85' title='bbox 535 1755 625 1819; x_wconf 91' lang='lat' dir='ltr'>hunc</span> <span class='ocrx_word' id='word_1_86' title='bbox 641 1754 832 1838; x_wconf 86' lang='lat' dir='ltr'>inpuratum</span> <span class='ocrx_word' id='word_1_87' title='bbox 850 1752 1032 1837; x_wconf 78' lang='lat' dir='ltr'>poterimus</span> <span class='ocrx_word' id='word_1_88' title='bbox 1049 1750 1163 1816; x_wconf 86' lang='lat' dir='ltr'>nostrd</span> <span class='ocrx_word' id='word_1_89' title='bbox 1180 1752 1281 1814; x_wconf 92' lang='lat' dir='ltr'>modo</span> 
     </span>
     <span class='ocr_line' id='line_1_14' title="bbox 395 1844 1587 1941; baseline -0.001 -18"><span class='ocrx_word' id='word_1_90' title='bbox 395 1880 402 1889; x_wconf 92' lang='lat'><strong>·</strong></span> <span class='ocrx_word' id='word_1_91' title='bbox 431 1858 566 1924; x_wconf 85' lang='lat' dir='ltr'>Vlclsci.</span> <span class='ocrx_word' id='word_1_92' title='bbox 612 1860 676 1923; x_wconf 84' lang='lat' dir='ltr'>PH.</span> <span class='ocrx_word' id='word_1_93' title='bbox 699 1859 804 1933; x_wconf 85' lang='lat' dir='ltr'>Attat,</span> <span class='ocrx_word' id='word_1_94' title='bbox 823 1856 884 1921; x_wconf 90' lang='lat' dir='ltr'>nlsi</span> <span class='ocrx_word' id='word_1_95' title='bbox 902 1859 946 1921; x_wconf 92' lang='lat' dir='ltr'>mi</span> <span class='ocrx_word' id='word_1_96' title='bbox 964 1857 1145 1941; x_wconf 91' lang='lat' dir='ltr'>prospicio,</span> <span class='ocrx_word' id='word_1_97' title='bbox 1162 1854 1293 1918; x_wconf 70' lang='lat' dir='ltr'>haereo.</span> <span class='ocrx_word' id='word_1_98' title='bbox 1478 1872 1510 1922; x_wconf 87' lang='lat'>70</span> <span class='ocrx_word' id='word_1_99' title='bbox 1584 1844 1587 1851; x_wconf 43' lang='lat'><strong>⁴</strong></span> 
     </span>
     <span class='ocr_line' id='line_1_15' title="bbox 434 1958 1255 2044; baseline -0.007 -19"><span class='ocrx_word' id='word_1_100' title='bbox 434 1962 480 2026; x_wconf 93' lang='lat' dir='ltr'>Hi</span> <span class='ocrx_word' id='word_1_101' title='bbox 498 1961 696 2044; x_wconf 69' lang='lat' dir='ltr'>glidiatorio</span> <span class='ocrx_word' id='word_1_102' title='bbox 712 1959 824 2024; x_wconf 70' lang='lat' dir='ltr'>inimo</span> <span class='ocrx_word' id='word_1_103' title='bbox 841 1962 883 2025; x_wconf 90' lang='lat' dir='ltr'>ad</span> <span class='ocrx_word' id='word_1_104' title='bbox 901 1982 954 2025; x_wconf 90' lang='lat' dir='ltr'>me</span> <span class='ocrx_word' id='word_1_105' title='bbox 970 1958 1138 2025; x_wconf 68' lang='lat' dir='ltr'>adfectant</span> <span class='ocrx_word' id='word_1_106' title='bbox 1156 1960 1255 2023; x_wconf 90' lang='lat' dir='ltr'>uiam.</span> 
     </span>
     <span class='ocr_line' id='line_1_16' title="bbox 261 2061 1418 2149; baseline -0.003 -20"><span class='ocrx_word' id='word_1_107' title='bbox 261 2067 322 2129; x_wconf 86' lang='grc'>965</span> <span class='ocrx_word' id='word_1_108' title='bbox 347 2067 414 2131; x_wconf 75' lang='lat' dir='ltr'>CH.</span> <span class='ocrx_word' id='word_1_109' title='bbox 434 2066 484 2130; x_wconf 86' lang='lat' dir='ltr'>At</span> <span class='ocrx_word' id='word_1_110' title='bbox 499 2066 618 2130; x_wconf 75' lang='lat' dir='ltr'>uereor</span> <span class='ocrx_word' id='word_1_111' title='bbox 639 2077 676 2130; x_wconf 92' lang='lat' dir='ltr'>ut</span> <span class='ocrx_word' id='word_1_112' title='bbox 699 2062 823 2149; x_wconf 71' lang='lat' dir='ltr'>placiti</span> <span class='ocrx_word' id='word_1_113' title='bbox 850 2066 966 2149; x_wconf 89' lang='lat' dir='ltr'>possit.</span> <span class='ocrx_word' id='word_1_114' title='bbox 1011 2065 1077 2129; x_wconf 85' lang='lat' dir='ltr'>DE.</span> <span class='ocrx_word' id='word_1_115' title='bbox 1110 2061 1204 2126; x_wconf 87' lang='lat' dir='ltr'>Bdno</span> <span class='ocrx_word' id='word_1_116' title='bbox 1228 2062 1339 2127; x_wconf 88' lang='lat' dir='ltr'>animo</span> <span class='ocrx_word' id='word_1_117' title='bbox 1366 2082 1418 2126; x_wconf 91' lang='lat' dir='ltr'>es:</span> 
     </span>
     <span class='ocr_line' id='line_1_17' title="bbox 434 2152 1422 2252; baseline -0.004 -19"><span class='ocrx_word' id='word_1_118' title='bbox 434 2154 525 2252; x_wconf 66' lang='grc' dir='ltr'>Εξῖ</span> <span class='ocrx_word' id='word_1_119' title='bbox 534 2170 683 2252; x_wconf 74' lang='lat' dir='ltr'>redigam</span> <span class='ocrx_word' id='word_1_120' title='bbox 707 2152 824 2232; x_wconf 67' lang='lat' dir='ltr'>uoi‘in</span> <span class='ocrx_word' id='word_1_121' title='bbox 850 2167 1001 2251; x_wconf 71' lang='lat' dir='ltr'>gritiam,</span> <span class='ocrx_word' id='word_1_122' title='bbox 1026 2168 1091 2232; x_wconf 90' lang='lat' dir='ltr'>hoc</span> <span class='ocrx_word' id='word_1_123' title='bbox 1115 2164 1226 2241; x_wconf 79' lang='lat' dir='ltr'>srettls,</span> <span class='ocrx_word' id='word_1_124' title='bbox 1250 2165 1422 2241; x_wconf 86' lang='lat' dir='ltr'>Chremes,</span> 
     </span>
     <span class='ocr_line' id='line_1_18' title="bbox 434 2268 1424 2355; baseline -0.001 -19"><span class='ocrx_word' id='word_1_125' title='bbox 434 2272 549 2355; x_wconf 87' lang='lat' dir='ltr'>Quom</span> <span class='ocrx_word' id='word_1_126' title='bbox 590 2295 609 2336; x_wconf 89' lang='lat' dir='ltr'>e</span> <span class='ocrx_word' id='word_1_127' title='bbox 651 2273 762 2336; x_wconf 74' lang='lat' dir='ltr'>medio</span> <span class='ocrx_word' id='word_1_128' title='bbox 801 2273 946 2337; x_wconf 87' lang='lat' dir='ltr'>excessit</span> <span class='ocrx_word' id='word_1_129' title='bbox 987 2269 1075 2336; x_wconf 81' lang='lat' dir='ltr'>dnde</span> <span class='ocrx_word' id='word_1_130' title='bbox 1113 2272 1197 2338; x_wconf 86' lang='lat' dir='ltr'>haec</span> <span class='ocrx_word' id='word_1_131' title='bbox 1237 2268 1424 2354; x_wconf 74' lang='lat' dir='ltr'>susceptist</span> 
     </span>
     <span class='ocr_line' id='line_1_19' title="bbox 499 2360 1207 2441; baseline -0.006 0"><span class='ocrx_word' id='word_1_132' title='bbox 499 2377 569 2441; x_wconf 77' lang='lat' dir='ltr'>tim.</span> <span class='ocrx_word' id='word_1_133' title='bbox 1080 2360 1207 2391; x_wconf 45' lang='grc' dir='ltr'>Ἣ</span> 
     </span>
     <span class='ocr_line' id='line_1_20' title="bbox 347 2477 1510 2565; baseline 0.003 -19"><span class='ocrx_word' id='word_1_134' title='bbox 347 2480 410 2547; x_wconf 83' lang='grc' dir='ltr'>ΡΗ.</span> <span class='ocrx_word' id='word_1_135' title='bbox 435 2481 508 2546; x_wconf 84' lang='lat' dir='ltr'>Itan</span> <span class='ocrx_word' id='word_1_136' title='bbox 524 2478 621 2563; x_wconf 69' lang='lat' dir='ltr'>agitis</span> <span class='ocrx_word' id='word_1_137' title='bbox 639 2486 792 2545; x_wconf 86' lang='lat' dir='ltr'>mecum?</span> <span class='ocrx_word' id='word_1_138' title='bbox 816 2477 894 2546; x_wconf 65' lang='lat' dir='ltr'>sitis</span> <span class='ocrx_word' id='word_1_139' title='bbox 911 2490 1018 2546; x_wconf 89' lang='lat' dir='ltr'>astute</span> <span class='ocrx_word' id='word_1_140' title='bbox 1035 2480 1263 2565; x_wconf 69' lang='lat' dir='ltr'>adgredimini.</span> <span class='ocrx_word' id='word_1_141' title='bbox 1480 2501 1510 2554; x_wconf 84' lang='grc'>75</span> 
     </span>
     <span class='ocr_line' id='line_1_21' title="bbox 435 2583 1316 2707; baseline 0.003 -59"><span class='ocrx_word' id='word_1_142' title='bbox 435 2586 511 2649; x_wconf 91' lang='lat' dir='ltr'>Non</span> <span class='ocrx_word' id='word_1_143' title='bbox 527 2585 637 2649; x_wconf 77' lang='lat' dir='ltr'>hercle</span> <span class='ocrx_word' id='word_1_144' title='bbox 653 2586 929 2707; x_wconf 55' lang='lat' dir='ltr'>eQe</span> <span class='ocrx_word' id='word_1_145' title='bbox 946 2583 1118 2668; x_wconf 85' lang='lat' dir='ltr'>instigasti,</span> <span class='ocrx_word' id='word_1_146' title='bbox 1135 2585 1316 2670; x_wconf 75' lang='lat' dir='ltr'>Demipho.</span> 
     </span>
     <span class='ocr_line' id='line_1_22' title="bbox 261 2686 1322 2774; baseline 0 -20"><span class='ocrx_word' id='word_1_147' title='bbox 261 2689 323 2756; x_wconf 83' lang='lat'>970</span> <span class='ocrx_word' id='word_1_148' title='bbox 433 2689 502 2753; x_wconf 89' lang='lat' dir='ltr'>Ain</span> <span class='ocrx_word' id='word_1_149' title='bbox 518 2695 577 2753; x_wconf 89' lang='lat' dir='ltr'>tu?</span> <span class='ocrx_word' id='word_1_150' title='bbox 601 2686 656 2753; x_wconf 82' lang='lat' dir='ltr'>tbi</span> <span class='ocrx_word' id='word_1_151' title='bbox 674 2709 760 2772; x_wconf 90' lang='lat' dir='ltr'>quae</span> <span class='ocrx_word' id='word_1_152' title='bbox 776 2689 918 2753; x_wconf 88' lang='lat' dir='ltr'>lubitum</span> <span class='ocrx_word' id='word_1_153' title='bbox 937 2686 1034 2754; x_wconf 77' lang='lat' dir='ltr'>ruerit</span> <span class='ocrx_word' id='word_1_154' title='bbox 1051 2710 1189 2774; x_wconf 85' lang='lat' dir='ltr'>peregre</span> <span class='ocrx_word' id='word_1_155' title='bbox 1207 2691 1322 2754; x_wconf 73' lang='lat' dir='ltr'>leceris</span> 
     </span>
     <span class='ocr_line' id='line_1_23' title="bbox 433 2791 1416 2888; baseline 0 -31"><span class='ocrx_word' id='word_1_156' title='bbox 433 2793 553 2877; x_wconf 86' lang='lat' dir='ltr'>Neque</span> <span class='ocrx_word' id='word_1_157' title='bbox 570 2791 668 2856; x_wconf 89' lang='lat' dir='ltr'>hulus</span> <span class='ocrx_word' id='word_1_158' title='bbox 684 2793 728 2856; x_wconf 91' lang='lat' dir='ltr'>sis</span> <span class='ocrx_word' id='word_1_159' title='bbox 745 2794 870 2857; x_wconf 88' lang='lat' dir='ltr'>ueritus</span> <span class='ocrx_word' id='word_1_160' title='bbox 886 2791 1028 2858; x_wconf 73' lang='lat' dir='ltr'>feminae</span> <span class='ocrx_word' id='word_1_161' title='bbox 1044 2793 1393 2888; x_wconf 38' lang='grc' dir='ltr'>ρτίιηεὶτίειεωῢιϋ.5,·Ἔν</span> <span class='ocrx_word' id='word_1_162' title='bbox 1410 2855 1416 2862; x_wconf 80' lang='grc'><em>,</em></span> 
     </span>
     <span class='ocr_line' id='line_1_24' title="bbox 434 2894 1206 2979; baseline 0.003 -19"><span class='ocrx_word' id='word_1_163' title='bbox 434 2896 526 2979; x_wconf 88' lang='lat' dir='ltr'>Quin</span> <span class='ocrx_word' id='word_1_164' title='bbox 543 2894 631 2961; x_wconf 77' lang='lat' dir='ltr'>nouo</span> <span class='ocrx_word' id='word_1_165' title='bbox 649 2898 751 2961; x_wconf 91' lang='lat' dir='ltr'>modo</span> <span class='ocrx_word' id='word_1_166' title='bbox 768 2909 801 2960; x_wconf 84' lang='lat' dir='ltr'>et</span> <span class='ocrx_word' id='word_1_167' title='bbox 816 2894 941 2962; x_wconf 68' lang='lat' dir='ltr'>laceres</span> <span class='ocrx_word' id='word_1_168' title='bbox 959 2899 1206 2972; x_wconf 75' lang='lat' dir='ltr'>contumeliam,</span> 
     </span>
     <span class='ocr_line' id='line_1_25' title="bbox 432 2998 1512 3085; baseline 0.001 -21"><span class='ocrx_word' id='word_1_169' title='bbox 432 2998 557 3064; x_wconf 69' lang='lat' dir='ltr'>Venias</span> <span class='ocrx_word' id='word_1_170' title='bbox 573 3020 661 3065; x_wconf 89' lang='lat' dir='ltr'>nunc</span> <span class='ocrx_word' id='word_1_171' title='bbox 677 3002 833 3085; x_wconf 88' lang='lat' dir='ltr'>precibus</span> <span class='ocrx_word' id='word_1_172' title='bbox 849 2999 977 3066; x_wconf 82' lang='lat' dir='ltr'>ladtum</span> <span class='ocrx_word' id='word_1_173' title='bbox 995 2999 1171 3085; x_wconf 81' lang='lat' dir='ltr'>peccatdm</span> <span class='ocrx_word' id='word_1_174' title='bbox 1186 3008 1303 3065; x_wconf 83' lang='lat' dir='ltr'>tuom?</span> <span class='ocrx_word' id='word_1_175' title='bbox 1480 3008 1512 3057; x_wconf 84' lang='lat'>80</span> 
     </span>
     <span class='ocr_line' id='line_1_26' title="bbox 433 3103 1278 3187; baseline 0.002 -21"><span class='ocrx_word' id='word_1_176' title='bbox 433 3104 538 3168; x_wconf 87' lang='lat' dir='ltr'>Hisce</span> <span class='ocrx_word' id='word_1_177' title='bbox 553 3104 618 3187; x_wconf 73' lang='lat' dir='ltr'>ego</span> <span class='ocrx_word' id='word_1_178' title='bbox 636 3104 724 3168; x_wconf 85' lang='lat' dir='ltr'>illam</span> <span class='ocrx_word' id='word_1_179' title='bbox 741 3106 839 3169; x_wconf 92' lang='lat' dir='ltr'>dictis</span> <span class='ocrx_word' id='word_1_180' title='bbox 855 3103 900 3169; x_wconf 92' lang='lat' dir='ltr'>lta</span> <span class='ocrx_word' id='word_1_181' title='bbox 916 3106 976 3170; x_wconf 92' lang='lat' dir='ltr'>tibi</span> <span class='ocrx_word' id='word_1_182' title='bbox 994 3103 1162 3170; x_wconf 70' lang='lat' dir='ltr'>incensam</span> <span class='ocrx_word' id='word_1_183' title='bbox 1179 3106 1278 3180; x_wconf 92' lang='lat' dir='ltr'>dabo,</span> 
     </span>
     <span class='ocr_line' id='line_1_27' title="bbox 260 3206 1195 3291; baseline 0.001 -18"><span class='ocrx_word' id='word_1_184' title='bbox 260 3210 323 3275; x_wconf 78' lang='lat'>975</span> <span class='ocrx_word' id='word_1_185' title='bbox 433 3207 481 3272; x_wconf 93' lang='lat' dir='ltr'>Vt</span> <span class='ocrx_word' id='word_1_186' title='bbox 496 3209 536 3271; x_wconf 75' lang='lat' dir='ltr'>ne</span> <span class='ocrx_word' id='word_1_187' title='bbox 553 3209 748 3291; x_wconf 84' lang='lat' dir='ltr'>restinguas,</span> <span class='ocrx_word' id='word_1_188' title='bbox 765 3206 921 3273; x_wconf 64' lang='lat' dir='ltr'>licrumis</span> <span class='ocrx_word' id='word_1_189' title='bbox 938 3211 964 3273; x_wconf 91' lang='lat' dir='ltr'>si</span> <span class='ocrx_word' id='word_1_190' title='bbox 982 3208 1195 3274; x_wconf 78' lang='lat' dir='ltr'>extillalueris.</span> 
     </span>
     <span class='ocr_line' id='line_1_28' title="bbox 348 3306 1254 3399; baseline -0.001 -22"><span class='ocrx_word' id='word_1_191' title='bbox 348 3313 414 3377; x_wconf 79' lang='lat' dir='ltr'>DE.</span> <span class='ocrx_word' id='word_1_192' title='bbox 438 3306 586 3396; x_wconf 88' lang='lat' dir='ltr'>[Malum</span> <span class='ocrx_word' id='word_1_193' title='bbox 603 3313 694 3395; x_wconf 92' lang='lat' dir='ltr'>quod</span> <span class='ocrx_word' id='word_1_194' title='bbox 711 3313 764 3376; x_wconf 92' lang='lat' dir='ltr'>isti</span> <span class='ocrx_word' id='word_1_195' title='bbox 780 3313 814 3376; x_wconf 95' lang='lat' dir='ltr'>di</span> <span class='ocrx_word' id='word_1_196' title='bbox 830 3315 982 3397; x_wconf 89' lang='lat' dir='ltr'>deaeque</span> <span class='ocrx_word' id='word_1_197' title='bbox 999 3333 1115 3376; x_wconf 89' lang='lat' dir='ltr'>omnes</span> <span class='ocrx_word' id='word_1_198' title='bbox 1131 3310 1254 3399; x_wconf 82' lang='lat' dir='ltr'>duint]</span> 
     </span>
     <span class='ocr_line' id='line_1_29' title="bbox 433 3413 1426 3501; baseline 0.002 -23"><span class='ocrx_word' id='word_1_199' title='bbox 433 3413 584 3479; x_wconf 74' lang='lat' dir='ltr'>Tantane</span> <span class='ocrx_word' id='word_1_200' title='bbox 618 3415 787 3481; x_wconf 85' lang='lat' dir='ltr'>adlectum</span> <span class='ocrx_word' id='word_1_201' title='bbox 821 3418 1026 3501; x_wconf 76' lang='lat' dir='ltr'>quemquam</span> <span class='ocrx_word' id='word_1_202' title='bbox 1060 3437 1132 3482; x_wconf 90' lang='lat' dir='ltr'>esse</span> <span class='ocrx_word' id='word_1_203' title='bbox 1167 3416 1338 3480; x_wconf 90' lang='lat' dir='ltr'>hominem</span> <span class='ocrx_word' id='word_1_204' title='bbox 1373 3437 1426 3480; x_wconf 90' lang='lat' dir='ltr'>au·</span> 
     </span>
     <span class='ocr_line' id='line_1_30' title="bbox 501 3517 614 3582; baseline 0.009 -1"><span class='ocrx_word' id='word_1_205' title='bbox 501 3517 614 3582; x_wconf 73' lang='lat' dir='ltr'>dicial</span> 
     </span>
     <span class='ocr_line' id='line_1_31' title="bbox 434 3620 1512 3708; baseline 0.011 -22"><span class='ocrx_word' id='word_1_206' title='bbox 434 3623 513 3686; x_wconf 93' lang='lat' dir='ltr'>Non</span> <span class='ocrx_word' id='word_1_207' title='bbox 530 3620 594 3686; x_wconf 76' lang='lat' dir='ltr'>hoc</span> <span class='ocrx_word' id='word_1_208' title='bbox 611 3623 790 3706; x_wconf 89' lang='lat' dir='ltr'>publicitus</span> <span class='ocrx_word' id='word_1_209' title='bbox 806 3625 914 3689; x_wconf 77' lang='lat' dir='ltr'>scelus</span> <span class='ocrx_word' id='word_1_210' title='bbox 930 3625 1007 3688; x_wconf 91' lang='lat' dir='ltr'>hinc</span> <span class='ocrx_word' id='word_1_211' title='bbox 1023 3623 1222 3708; x_wconf 75' lang='lat' dir='ltr'>asportdrier</span> <span class='ocrx_word' id='word_1_212' title='bbox 1481 3633 1512 3698; x_wconf 82' lang='lat'>85</span> 
     </span>
     <span class='ocr_line' id='line_1_32' title="bbox 436 3673 1495 3893; baseline 0.001 -103"><span class='ocrx_word' id='word_1_213' title='bbox 436 3727 476 3792; x_wconf 93' lang='lat' dir='ltr'>In</span> <span class='ocrx_word' id='word_1_214' title='bbox 492 3724 579 3790; x_wconf 83' lang='lat' dir='ltr'>sdlas</span> <span class='ocrx_word' id='word_1_215' title='bbox 595 3729 716 3791; x_wconf 91' lang='lat' dir='ltr'>terras!</span> <span class='ocrx_word' id='word_1_216' title='bbox 743 3729 809 3793; x_wconf 81' lang='lat' dir='ltr'>CH.</span> <span class='ocrx_word' id='word_1_217' title='bbox 835 3714 874 3791; x_wconf 85' lang='lat' dir='ltr'>in</span> <span class='ocrx_word' id='word_1_218' title='bbox 892 3731 924 3792; x_wconf 93' lang='lat' dir='ltr'>id</span> <span class='ocrx_word' id='word_1_219' title='bbox 942 3731 1095 3793; x_wconf 87' lang='lat' dir='ltr'>redactus</span> <span class='ocrx_word' id='word_1_220' title='bbox 1112 3727 1185 3792; x_wconf 73' lang='lat' dir='ltr'>siim</span> <span class='ocrx_word' id='word_1_221' title='bbox 1202 3729 1274 3802; x_wconf 88' lang='lat' dir='ltr'>loci,</span> <span class='ocrx_word' id='word_1_222' title='bbox 1305 3673 1448 3893; x_wconf 35' lang='lat' dir='ltr'>»wll-</span> <span class='ocrx_word' id='word_1_223' title='bbox 1459 3719 1495 3780; x_wconf 73' lang='grc' dir='ltr'><strong>Τ</strong></span> 
     </span>
    </p>
   </div>
   <div class='ocr_carea' id='block_1_3' title="bbox 434 3829 1425 3916">
    <p class='ocr_par' dir='ltr' id='par_1_3' title="bbox 434 3829 1425 3916">
     <span class='ocr_line' id='line_1_33' title="bbox 434 3829 1425 3916; baseline 0.001 -21"><span class='ocrx_word' id='word_1_224' title='bbox 434 3832 482 3896; x_wconf 93' lang='lat' dir='ltr'>Vt</span> <span class='ocrx_word' id='word_1_225' title='bbox 511 3829 593 3914; x_wconf 91' lang='lat' dir='ltr'>quld</span> <span class='ocrx_word' id='word_1_226' title='bbox 625 3852 724 3914; x_wconf 84' lang='lat' dir='ltr'>agam</span> <span class='ocrx_word' id='word_1_227' title='bbox 754 3852 831 3895; x_wconf 88' lang='lat' dir='ltr'>cum</span> <span class='ocrx_word' id='word_1_228' title='bbox 863 3832 919 3896; x_wconf 94' lang='lat' dir='ltr'>illo</span> <span class='ocrx_word' id='word_1_229' title='bbox 951 3834 1096 3896; x_wconf 73' lang='lat' dir='ltr'>nesciam</span> <span class='ocrx_word' id='word_1_230' title='bbox 1136 3853 1299 3916; x_wconf 88' lang='lat' dir='ltr'>prorsum.</span> <span class='ocrx_word' id='word_1_231' title='bbox 1362 3833 1425 3896; x_wconf 76' lang='lat' dir='ltr'>Dr.</span> 
     </span>
    </p>
   </div>
   <div class='ocr_carea' id='block_1_4' title="bbox 325 3923 1302 4226">
    <p class='ocr_par' dir='ltr' id='par_1_4' title="bbox 325 3923 1302 4226">
     <span class='ocr_line' id='line_1_34' title="bbox 504 3923 683 4018; baseline 0.006 -19"><span class='ocrx_word' id='word_1_232' title='bbox 504 3923 580 4018; x_wconf 77' lang='lat' dir='ltr'>Ego</span> <span class='ocrx_word' id='word_1_233' title='bbox 596 3937 683 4000; x_wconf 93' lang='lat' dir='ltr'>scio:</span> 
     </span>
     <span class='ocr_line' id='line_1_35' title="bbox 325 4023 1302 4124; baseline 0 -22"><span class='ocrx_word' id='word_1_234' title='bbox 325 4109 328 4114; x_wconf 52' lang='grc'>,</span> <span class='ocrx_word' id='word_1_235' title='bbox 437 4040 476 4102; x_wconf 89' lang='lat' dir='ltr'>ln</span> <span class='ocrx_word' id='word_1_236' title='bbox 494 4037 542 4104; x_wconf 80' lang='lat' dir='ltr'>ids</span> <span class='ocrx_word' id='word_1_237' title='bbox 559 4060 684 4104; x_wconf 89' lang='lat' dir='ltr'>eamus.</span> <span class='ocrx_word' id='word_1_238' title='bbox 728 4039 791 4103; x_wconf 81' lang='grc' dir='ltr'>ΡΗ.</span> <span class='ocrx_word' id='word_1_239' title='bbox 816 4023 856 4102; x_wconf 84' lang='lat' dir='ltr'>in</span> <span class='ocrx_word' id='word_1_240' title='bbox 873 4040 944 4103; x_wconf 83' lang='lat' dir='ltr'>ius?</span> <span class='ocrx_word' id='word_1_241' title='bbox 967 4039 1043 4115; x_wconf 89' lang='lat' dir='ltr'>huc,</span> <span class='ocrx_word' id='word_1_242' title='bbox 1060 4039 1086 4104; x_wconf 89' lang='lat' dir='ltr'>si</span> <span class='ocrx_word' id='word_1_243' title='bbox 1103 4039 1183 4124; x_wconf 93' lang='lat' dir='ltr'>quld</span> <span class='ocrx_word' id='word_1_244' title='bbox 1201 4041 1302 4104; x_wconf 91' lang='lat' dir='ltr'>lubet.</span> 
     </span>
     <span class='ocr_line' id='line_1_36' title="bbox 351 4141 1302 4226; baseline 0 -18"><span class='ocrx_word' id='word_1_245' title='bbox 351 4144 418 4208; x_wconf 80' lang='lat' dir='ltr'>CH.</span> <span class='ocrx_word' id='word_1_246' title='bbox 441 4143 648 4226; x_wconf 72' lang='lat' dir='ltr'>Adsequere,</span> <span class='ocrx_word' id='word_1_247' title='bbox 666 4143 779 4218; x_wconf 90' lang='lat' dir='ltr'>retine,</span> <span class='ocrx_word' id='word_1_248' title='bbox 796 4141 876 4206; x_wconf 82' lang='lat' dir='ltr'>ddm</span> <span class='ocrx_word' id='word_1_249' title='bbox 893 4164 957 4225; x_wconf 83' lang='lat' dir='ltr'>ego</span> <span class='ocrx_word' id='word_1_250' title='bbox 974 4143 1039 4206; x_wconf 92' lang='lat' dir='ltr'>huc</span> <span class='ocrx_word' id='word_1_251' title='bbox 1056 4164 1171 4208; x_wconf 89' lang='lat' dir='ltr'>seruos</span> <span class='ocrx_word' id='word_1_252' title='bbox 1186 4145 1302 4208; x_wconf 78' lang='lat' dir='ltr'>duoco.</span> 
     </span>
    </p>
   </div>
   <div class='ocr_carea' id='block_1_5' title="bbox 0 0 1710 5050">
    <p class='ocr_par' dir='ltr' id='par_1_5' title="bbox 0 0 1710 5050">
     <span class='ocr_line' id='line_1_37' title="bbox 0 0 1710 5050; baseline 0 0"><span class='ocrx_word' id='word_1_253' title='bbox 0 0 1710 5050; x_wconf 95' lang='lat' dir='ltr'> </span> 
     </span>
    </p>
   </div>
  </div>
 </body>
</html>
