3409 5050
684 439 870 496 uenerem
897 439 1100 495 PHORMIO.
1182 477 1186 484 1
1198 473 1225 512 ff

733 670 834 736 Gem
923 672 1051 735 Dnvos

740 803 830 843 SERVI
973 803 997 844 11

355 942 419 1009 Ge,
442 943 477 1011 Si
501 943 576 1029 quis
599 965 653 1010 me
677 955 814 1028 quaeret
836 942 928 1010 nisus
949 993 958 1010 .
982 995 990 1010 .
1014 943 1079 1008 Dn
1105 942 1281 1024 Praestost,
1300 940 1422 1008 desine.
1457 939 1513 1002 12

507 1046 571 1112 Ge.
603 1047 669 1123 Oh,

340 1195 345 1207 ·
441 1151 491 1216 At
527 1174 592 1235 ego
630 1150 764 1216 6buiam
802 1150 950 1216 comibar
985 1152 1056 1227 tibi,
1095 1150 1204 1214 Daue.
1264 1150 1332 1214 DA.
1363 1131 1428 1212 Ᾱο-

506 1257 591 1340 cipe,
609 1277 681 1320 em:

441 1358 631 1436 Lectumst;
659 1360 836 1425 conueniet
851 1358 1009 1424 numerus
1025 1368 1187 1443 quantum
1203 1357 1314 1421 debui.

354 1460 419 1528 GE.
443 1462 533 1528 Arne
549 1476 593 1539 te,
610 1475 644 1528 et
659 1484 726 1528 non
742 1463 926 1528 neclexisse
943 1463 1052 1527 habeo
1069 1460 1218 1545 gretiam.

267 1565 307 1630 55
354 1568 419 1631 Diu
445 1568 639 1633 Praesertim
656 1577 693 1632 ut
709 1583 796 1632 nune
812 1575 890 1632 sunt
906 1564 1031 1630 mures:
1058 1569 1144 1630 adeo
1160 1565 1211 1629 res
1228 1564 1330 1629 redit:
1501 1583 1514 1634 5

442 1669 478 1736 Si
495 1671 570 1755 quis
586 1673 667 1756 quid
683 1673 800 1747 reddit,
818 1668 940 1754 migne
955 1671 1141 1767 habeneiast
1156 1666 1271 1752 gretia.

442 1773 511 1840 Sed
542 1774 623 1859 quid
654 1787 690 1841 tu
721 1796 756 1840 es
786 1775 911 1840 tristis?
957 1774 1020 1839 GE.
1053 1773 1195 1857 Egone?
1225 1773 1332 1836 neseis
1358 1791 1427 1857 quo
1482 1760 1485 1770 ’

508 1877 541 1942 in
566 1889 667 1955 metu,

442 1981 579 2064 Quanto
614 1981 647 2046 in
682 1982 809 2066 periclo
839 1980 962 2046 simus!
1022 1980 1087 2044 De.
1120 1980 1211 2063 Quid
1242 1982 1327 2045 istuc
1357 1981 1429 2045 est?

508 2086 569 2150 (ΞΕ.
601 2085 705 2161 Scies,

442 2189 549 2254 Modo
566 2186 602 2254 tit
617 2200 726 2254 tacere
743 2187 856 2274 pessis,
903 2189 971 2253 DA.
995 2187 1076 2263 Abi,
1092 2189 1147 2263 sis,
1163 2186 1322 2254 Insciens:

443 2292 575 2375 Quoius
591 2291 626 2356 tu
644 2293 744 2359 fidem
761 2295 793 2357 in
810 2291 953 2377 pecunia
969 2293 1189 2376 perspexeris,
1487 2313 1516 2350 10

441 2395 566 2460 Vere're
584 2398 686 2462 uerba
701 2399 731 2461 ei
747 2395 904 2461 credere?
949 2397 1005 2461 ubi
1022 2397 1104 2481 quid
1120 2395 1201 2460 mihi
1218 2397 1332 2462 lucrist

440 2499 489 2564 Te
503 2499 636 2566 fellere?
682 2500 745 2565 Ge
772 2501 866 2585 Ergo
878 2499 1038 2567 ausculta.
1083 2501 1153 2566 DA.
1180 2500 1279 2566 Hanc
1290 2518 1429 2587 operam

507 2603 566 2668 tibi
581 2606 668 2669 ¹dico.

355 2706 417 2773 GE.
444 2708 541 2773 Senis
557 2707 669 2785 mistui,
687 2710 793 2785 Daue,
810 2706 944 2775 stettein
961 2710 1119 2775 maiorem
1138 2709 1315 2775 Chremem

443 2810 585 2877 Nostin?
632 2814 700 2876 DA.
733 2812 905 2895 Quidni?
950 2814 1014 2881 GE.
1046 2814 1161 2898 Quid?
1198 2816 1269 2880 eius
1292 2824 1430 2899 gnatum

252 2962 254 2965 -
508 2916 725 2981 Phaedriam?

269 3020 309 3084 65
356 3019 423 3085 DA„
445 3020 528 3083 Tam
557 3018 659 3103 quim
696 3031 739 3086 te.
811 3020 877 3085 GE·
915 3020 1039 3087 Euenit
1081 3024 1216 3088 senibus
1265 3022 1431 3089 ambobus
1489 3044 1516 3097 ις

508 3124 606 3187 simul

443 3225 512 3291 Iter
527 3225 572 3291 illi
590 3228 622 3291 in
639 3227 805 3293 Lemnum
822 3240 860 3294 ut
875 3230 972 3306 esset,
990 3240 1105 3296 nostro
1120 3232 1153 3295 in
1170 3228 1322 3295 Ciliciam

442 3328 500 3393 Ad
517 3328 683 3414 hdspitem
699 3332 881 3416 antiquom
927 3332 955 3397 is
971 3355 1085 3398 senem
1102 3355 1162 3419 per
1176 3333 1337 3418 epistulas

443 3433 592 3508 Pellexit,
609 3437 711 3499 modo
728 3457 795 3500 non
812 3435 933 3502 mdntis
949 3440 1019 3501 auri
1035 3434 1205 3521 pellicens.

353 3538 420 3602 DA.
446 3535 537 3619 Quoi
553 3536 647 3629 teinta¹
658 3550 729 3603 erat
744 3560 796 3603 res
811 3541 845 3605 et
860 3547 1053 3625 supererat?
1098 3541 1162 3606 GE.
1194 3539 1353 3606 Desinas:

270 3641 311 3708 70
445 3640 501 3706 Sic
546 3642 598 3707 est
645 3644 826 3727 ingenium.
888 3645 954 3710 DA„
990 3646 1054 3721 Oh,
1098 3646 1212 3729 regem
1258 3666 1312 3710 me
1358 3668 1431 3711 esse
1488 3672 1518 3707 20

510 3742 665 3826 opertuie

354 3847 418 3913 GE.
443 3846 618 3913 Abeuntes
635 3851 735 3915 ambo
748 3851 803 3916 hic
818 3849 890 3917 tum
905 3871 1001 3916 senes
1017 3870 1071 3917 me
1086 3853 1163 3917 filiis

445 3950 654 4036 Relinquont
686 3956 781 4037 quasi
816 3954 1020 4038 magistrum.
1076 3958 1141 4021 Dm
1174 3958 1205 4023 Ο
1233 3957 1328 4035 Geta,
1356 3978 1431 4043 pre

510 4055 655 4121 uinciam

445 4159 573 4245 Cepisti
590 4162 717 4225 duram.
765 4160 828 4226 Ge.
861 4163 911 4227 Mi
927 4160 1007 4227 usus
1023 4164 1124 4241 uenit,
1141 4162 1205 4229 hee
1221 4165 1310 4230 scio:
