3409 5050
230 438 271 500 88
649 430 834 485 TERENTI
863 430 1064 485 PHORMIO.
1341 15 1677 492 s

317 620 381 686 CH.
403 620 507 685 Estne
523 620 568 685 ita
584 619 637 685 utt
650 622 721 685 drxr
736 619 902 685 liberalis
941 620 1008 683 DE.
1032 600 1182 704 Oppido.
1425 513 1497 860 (ιβ)

404 722 576 807 Quantdm
593 733 715 808 potest,
732 744 820 788 nunc
837 722 1104 789 cdnueniundust
1120 720 1285 801 Phdrmio‚

401 829 493 893 Prius
510 826 611 912 quim
626 829 787 911 dilapidat
803 826 930 891 nostras
947 824 1082 910 triginti
1098 830 1204 891 minas

401 932 448 997 Vt
463 930 660 997 auferamus
701 932 764 997 ΡΗ.
790 932 1038 1013 Βέιηίρὴοηεῐη
1055 930 1084 995 si
1100 932 1224 996 domist
1448 848 1486 1018 >5

228 1038 291 1099 900
400 1038 527 1110 Visam,
558 1034 595 1100 dt
630 1038 761 1121 quod.
795 1036 902 1101 ..DE
942 1036 990 1101 At
1021 1057 1082 1099 nos
1113 1033 1156 1099 dd
1187 1046 1220 1099 te
1251 1034 1390 1110 ibamus,
1448 1045 1451 1060 '

468 1138 633 1205 Phormio.

316 1244 378 1325 ΡΗ.Ι
399 1244 452 1308 De
481 1246 601 1309 eadem
636 1241 700 1309 hirc
740 1243 879 1309 sortasse
910 1241 1030 1307 carisa?
1016 1244 1143 1308 ?.DE
1185 1242 1238 1307 Ita
1269 1227 1446 1306 hercle*
1443 1313 1450 1331 x

467 1349 530 1413 ΡΗ.
555 1348 710 1413 Crddidi:

401 1450 493 1533 Quid
524 1449 567 1516 td
598 1472 651 1515 me
683 1452 802 1516 ibatis?
862 1452 928 1514 DE.
969 1448 1171 1515 Ridiculum.
1233 1450 1296 1513 PH.
1334 1450 1392 1513 An

467 1554 629 1659 rebQini
646 1582 702 1615 ς

400 1658 462 1721 Me
478 1657 543 1723 ndn
560 1660 593 1723 id
611 1659 724 1735 facere,
740 1656 831 1743 quod
847 1658 1048 1741 recepissem
1064 1658 1189 1721 semel?

356 1824 376 1862 ,Ι
403 1761 509 1837 Heus,
548 1760 674 1846 qudnta
714 1773 840 1847 quanta
880 1762 964 1826 haec
1003 1762 1077 1826 mda
1113 1770 1293 1845 paupertas
1329 1761 1389 1836 est,
1450 1783 1478 1818 10

468 1876 580 1929 tamen

275 1970 290 2002 ¹*
404 1967 530 2033 Adln'rc
570 1972 685 2035 curaui
724 1991 827 2057 unum
874 1966 937 2035 hdo
975 1969 1121 2054 quidem,
1155 1980 1190 2033 ut
1226 1968 1270 2032 mi
1304 1968 1391 2033 esset

468 2074 562 2137 fides.

401 2178 508 2261 quue
524 2175 609 2241 ideo
627 2177 726 2241 uenio
742 2174 941 2249 nirntiatum.
958 2176 1139 2259 deipho,

402 2278 555 2345 Pardtum
573 2301 625 2344 me
642 2300 735 2345 esse:
760 2281 816 2345 ubi
834 2280 941 2353 udltis,
960 2280 1100 2345 uxordm
1117 2282 1203 2345 date.

401 2386 489 2449 Nam
506 2383 614 2448 omnis
630 2385 810 2468 posthabui
827 2384 907 2449 mihi
925 2405 985 2459 res,
1003 2386 1048 2449 ita
1065 2385 1111 2449 uti
1129 2381 1189 2467 pdr
1205 2379 1275 2461 suit,
1448 2408 1477 2459 15

402 2490 582 2572 Postquam
614 2487 647 2554 id
676 2499 770 2555 tauto
801 2509 904 2574 opere
936 2486 996 2554 uos
1027 2488 1113 2554 uelle
1149 2488 1294 2553 animum
1332 2488 1389 2554 ad·

467 2590 643 2657 udrteram.

229 2697 290 2760 910
315 2698 381 2760 DE.
403 2696 452 2760 At
466 2695 521 2760 hic
538 2697 734 2761 dehortatus
749 2698 799 2761 est
816 2718 879 2771 me,
898 2718 939 2760 ne
956 2697 1043 2762 illam
1060 2697 1120 2763 tibi
1138 2699 1270 2762 darem.
1362 2772 1364 2780 Α

400 2801 506 2864 ‘Nam
522 2798 581 2883 qui
596 2801 659 2864 erit
674 2821 787 2864 rumor
803 2798 939 2885 pdpuli,’
958 2803 1074 2886 inquit,
1097 2803 1142 2865 ‘si
1161 2803 1192 2865 id
1209 2801 1346 2866 sdc'eris?

400 2903 492 2969 Olim
507 2924 611 2987 quom
628 2904 766 2968 honeste
784 2903 902 2988 pdtuit,
919 2917 988 2969 tum
1007 2927 1072 2969 non
1088 2907 1139 2970 dst
1154 2906 1252 2970 data:

399 3009 499 3071 Nunc
515 3006 651 3072 uiduam
668 3010 800 3073 extrudi
817 3007 970 3093 tdrpest‘.
996 3008 1099 3073 ferme
1124 3011 1241 3074 eadem
1266 3007 1388 3085 dmnia,
1447 3032 1477 3068 20

401 3110 498 3193 Quae
513 3109 583 3175 trite
599 3113 727 3176 dudum
743 3111 855 3176 odram
873 3134 926 3176 me
943 3110 1164 3176 incusdueras.

227 3217 289 3279 915
314 3215 377 3279 ΡΗ.
400 3215 488 3279 Satis
511 3216 655 3299 superbe
679 3213 827 3280 inldditis
851 3237 911 3280 me.
952 3218 1018 3282 DE.
1044 3216 1133 3300 Qui?
1166 3217 1228 3281 ΡΗ.
1254 3217 1392 3300 Rogasi.

401 3317 490 3400 Quia
505 3339 547 3381 ne
562 3317 700 3383 diteram
717 3322 852 3404 quidem
870 3319 958 3384 illam
976 3331 1094 3404 potero
1110 3319 1248 3397 ddcere;

399 3423 486 3486 Nam
509 3421 576 3507 qud
598 3424 714 3487 redibo
734 3445 792 3487 ore
814 3421 858 3488 dd
882 3445 955 3488 eam
980 3445 1082 3508 quam
1106 3425 1386 3507 contempserim?

314 3527 381 3591 CH.
401 3527 508 3591 ‘Tum
551 3537 663 3592 autem
700 3515 933 3611 Antiphonem
972 3527 1071 3592 uideo
1110 3529 1153 3592 ab
1188 3549 1260 3592 sese
1294 3527 1388 3592 amit·
1446 3552 1476 3603 25

466 3641 536 3693 tere

402 3731 549 3797 Inuitum
566 3734 659 3798 eam
676 3736 787 3818 inque.
832 3736 898 3799 DE.
922 3736 1008 3799 Tum
1030 3733 1139 3799 adtem
1163 3736 1262 3800 uideo
1284 3735 1388 3801 silium

226 3837 289 3900 920
401 3836 547 3901 Inuitum
565 3859 644 3901 sane
660 3835 832 3902 mdlierem
849 3839 891 3901 ab
908 3860 943 3902 se
960 3837 1120 3904 amittere.

401 3940 466 4006 Sed
483 3938 585 4005 trdnsi
600 3944 700 4035 sodes
715 3941 758 4006 dd
775 3942 884 4006 sorum
902 3954 1001 4025 atque
1018 3941 1098 4008 illdd
1115 3943 1195 4008 mihi

400 4045 590 4126 Argentum
607 4067 737 4110 rursum
755 4043 831 4110 idbe
848 4047 993 4120 rescribi,
1011 4046 1177 4112 Phdrmio

315 4150 376 4214 ΡΗ.
400 4146 546 4229 Quodne
562 4151 627 4233 dgo
643 4151 795 4234 discripsi
812 4147 912 4233 porro
927 4150 990 4214 illis
1007 4151 1128 4236 quibus
1145 4149 1266 4216 debus?
1444 4175 1475 4225 30
