3409 5050
229 495 272 558 24
646 473 831 530 nussum
860 471 1063 531 monnio.

315 666 379 731 DF.
404 664 493 732 Nam
524 668 556 730 ni
593 665 676 732 haec
709 667 755 732 ita
789 676 911 744 essent,
942 687 1019 732 cum
1053 665 1111 730 ilio
1148 665 1239 730 haud
1277 673 1392 740 stares,
1473 704 1477 713 ‹

467 771 637 836 Phaedria.

227 873 291 941 270
315 875 378 940 PH.
406 873 443 940 Si
482 883 542 949 est,
577 872 705 958 pinne,
740 874 875 958 culpam
913 884 951 940 ut
988 862 1143 958 Antipho
1185 875 1218 937 in
1257 893 1294 938 se
1339 874 1396 937 ad·
1448 893 1480 940 40

467 976 601 1052 miserit,

401 1083 457 1147 Ex
495 1080 563 1166 qui
602 1101 637 1146 re
677 1082 785 1146 minus
826 1083 873 1146 rei
913 1079 997 1146 soret
1036 1091 1094 1146 aut
1126 1081 1234 1145 samue
1267 1081 1393 1164 tempe·

467 1207 553 1262 rans,

400 1291 478 1354 Non
494 1287 629 1354 emisam
645 1288 722 1354 dieo
738 1287 819 1373 quin
835 1290 928 1374 quod
945 1289 1081 1354 meritus
1096 1287 1140 1352 sit
1155 1287 1248 1352 ierat.

401 1393 470 1459 Sed
486 1392 514 1458 si
530 1393 604 1477 quis
621 1392 706 1457 sorte
723 1390 849 1456 militia
864 1389 967 1457 irettis
983 1412 1045 1456 sua

400 1497 542 1562 insidias
559 1507 691 1561 nostrae
707 1496 786 1562 iecit
800 1496 1047 1562 adulescentiae

399 1601 455 1665 Ac
471 1599 560 1676 uicit,
577 1609 713 1666 nostran
728 1598 828 1684 ciilpa
843 1610 916 1665 east
931 1621 973 1664 an
989 1597 1149 1677 iudicum,

398 1705 468 1788 Qui
484 1706 585 1789 saepe
601 1714 740 1789 propter
755 1704 916 1769 inuidiam
933 1704 1086 1769 adimunt
1100 1702 1196 1768 diuiti

398 1809 471 1873 Aut
486 1806 623 1893 propter
638 1806 897 1873 misericordiam
914 1807 1041 1873 addunt
1055 1805 1218 1892 pauperi?

313 1911 377 1976 (ΞΕ.
403 1911 448 1976 Ni
465 1910 597 1977 nossem
614 1933 758 1987 causam,
775 1913 947 1976 crederem
963 1931 1043 1976 uera
1058 1909 1147 1976 hitnc
1163 1911 1266 1996 loqui.

311 2016 379 2080 DE.
400 2015 458 2080 An
474 2015 652 2100 quisquam
668 2017 771 2080 iudex
786 2016 846 2091 est,
863 2017 921 2100 qui
939 2016 1047 2100 possit
1062 2013 1200 2080 noscere

225 2119 288 2183 280
398 2119 471 2184 Tua
487 2117 582 2194 iusta,
599 2119 656 2183 ubi
671 2129 742 2184 tute
758 2119 900 2184 uerbum
917 2138 984 2183 non
999 2117 1214 2203 respondeas,
1448 2140 1480 2194 50

399 2224 450 2288 Ita
466 2233 502 2288 ut
517 2222 571 2287 iile
587 2222 686 2288 iecit?
730 2224 794 2288 PH.
841 2221 989 2288 Functus
1005 2223 1279 2288 adulescentuiist

399 2325 557 2392 Officium
575 2324 737 2391 iibenilis:
760 2337 942 2411 postquam
958 2328 1001 2392 ad
1018 2324 1145 2392 iudices

398 2427 589 2506 ventumst,
606 2451 673 2494 non
689 2432 799 2514 potuit
814 2429 961 2514 cogitata
976 2429 1150 2516 proloqui3

400 2537 451 2601 Ita
467 2534 543 2601 etim
559 2546 629 2601 tum
646 2536 799 2602 timidum
816 2536 883 2601 illic
896 2537 1122 2622 obstupefecit
1137 2538 1254 2622 pudor.

226 2642 288 2705 285
312 2640 376 2707 (ΞΕ.
401 2640 520 2706 Laudo
558 2638 657 2706 ininc.
714 2642 773 2705 sed
818 2662 915 2707 cesso
961 2641 1052 2707 adire
1096 2662 1198 2726 quam
1244 2640 1389 2727 primtim
1447 2663 1478 2717 55

463 2750 599 2810 senem?

400 2849 476 2923 Ere,
493 2846 603 2913 silue:
635 2849 763 2913 saluom
785 2858 818 2913 te
838 2846 1016 2915 edocuisse
1039 2848 1182 2934 gaudeo.
1228 2851 1296 2917 DE.
1322 2850 1389 2929 Oh,

399 2952 494 3017 Bone
509 2950 633 3028 custos,
650 2953 751 3026 salue,
769 2950 924 3017 columen
941 2975 1023 3018 uero
1039 2953 1194 3030 similias,

400 3054 490 3140 Quoi
507 3054 741 3121 commendaui
757 3054 865 3122 iilium
880 3057 958 3121 hinc
974 3058 1089 3123 abiens
1105 3078 1227 3124 meum.

311 3160 377 3226 (ΞΕ.
402 3160 474 3224 lam
490 3157 618 3225 dudum
634 3169 667 3225 te
683 3162 792 3225 omnis
809 3158 869 3225 nos
885 3181 1042 3226 accusare
1058 3160 1158 3226 aiidio

224 3264 287 3329 290
398 3263 568 3339 Inmerito,
584 3273 619 3328 et
634 3284 688 3327 me
704 3264 833 3327 horunc
847 3262 999 3329 omnium
1014 3263 1282 3331 inmeritissumo.
1446 3275 1478 3327 60

398 3362 488 3431 Nam
504 3366 586 3451 quid
602 3388 656 3431 me
673 3370 705 3432 in
722 3368 785 3432 hac
802 3390 836 3432 re
853 3366 962 3433 ficere
977 3367 1113 3434 uoluisti
1127 3370 1210 3434 tibi?

399 3469 543 3536 Seruum
566 3469 736 3536 hominem
750 3492 896 3563 ‘causam
922 3471 1018 3538 orire
1047 3472 1140 3555 leges
1170 3470 1237 3563 non
1267 3472 1389 3550 sinunt,

400 3574 521 3659 Neque
537 3576 705 3640 testimoni
723 3574 868 3641 dictiost.
915 3577 979 3640 DF„
1004 3576 1104 3655 Mitto
1118 3574 1241 3662 omnia.

398 3678 456 3743 Do
472 3676 555 3743 istiic
571 3680 774 3764 ‘inprudens
790 3678 902 3745 timuit
917 3680 1112 3745 adulescens
1125 3682 1151 3758 ’;
1179 3681 1253 3744 sino

398 3782 467 3847 'Tu
485 3783 630 3848 seruo's'
640 3803 649 3861 ;
677 3804 793 3848 uerum
809 3781 838 3847 si
854 3794 1029 3866 cognatast
1044 3781 1231 3864 mixume„
1446 3794 1477 3857 65

399 3888 478 3951 Non
529 3884 593 3953 init
637 3906 773 3952 necesse
817 3886 968 3964 habere3
1015 3888 1075 3951 sed
1120 3887 1154 3951 id
1196 3888 1289 3970 quod
1333 3886 1389 3951 lex

466 3992 568 4067 iubet,

400 4096 525 4162 Dotem
542 4096 673 4173 daretis,
690 4094 865 4179 quaereret
879 4091 981 4160 alium
997 4096 1116 4159 uirum.

400 4198 478 4283 Qua
493 4198 620 4265 titione
636 4200 772 4284 inopem
788 4197 898 4283 potius
914 4196 1059 4264 ducebit
1074 4199 1236 4264 domum?
1267 4200 1270 4206 '
