3409 5050
667 415 851 472 TERENTI
879 415 1081 472 PHORMIO.

478 923 735 987 Nnusisrnnrn
824 919 1004 984 Cunnum
1102 918 1281 983 Denuntio

541 1052 661 1094 MVLIER
875 1049 970 1092 SENES
1182 1049 1206 1090 11

1002 1224 1070 1289 ΕΗ.
1093 1221 1211 1298 Ehem,
1229 1221 1412 1307 Demiph0,

421 1331 492 1394 Iam
532 1327 578 1394 iili
619 1331 767 1395 datumst
807 1329 1003 1412 argentum?
1063 1327 1130 1392 DE.
1170 1326 1293 1391 Curaui
1324 1324 1412 1391 ilico.

485 1432 553 1498 CH.
577 1433 711 1498 Nolldm
728 1435 854 1497 datum.

420 1535 472 1612 Ei,
507 1536 608 1602 uideo
645 1557 805 1600 uxorem:
847 1535 954 1619 paene
992 1535 1068 1619 plus
1106 1555 1207 1619 quam
1245 1531 1297 1599 sit
1333 1542 1413 1598 erat

487 1641 554 1706 DE.
579 1640 675 1723 Quor
691 1640 806 1716 nolles
824 1639 1008 1706 Chremes?

334 1743 401 1810 CH.
421 1744 493 1808 Iam
518 1745 617 1810 recte.
642 1745 708 1808 DE.
733 1743 826 1826 Quid
847 1750 905 1809 tu?
928 1742 1051 1826 ecquid
1069 1741 1212 1809 locutu's
1233 1761 1312 1806 cum
1331 1739 1413 1806 istac
1473 1761 1501 1814 ¹5

488 1869 588 1932 quam
605 1848 736 1914 obrem
754 1848 840 1912 hanc
858 1845 1034 1913 discimus?
1046 1883 1066 1894 -

335 1950 402 2018 ΕΗ.
422 1952 594 2036 Τῐειηεέςί.
626 1952 691 2017 DE.
722 1950 813 2034 Quid
837 1961 885 2016 att
910 1949 1069 2016 tindem?
1101 1949 1167 2014 ΕΗ.
1194 1947 1332 2014 Abduci
1348 1947 1414 2013 ndn

488 2065 608 2139 potest.
654 2056 722 2121 DE.
747 2053 814 2138 Qui
832 2054 897 2118 ndu
913 2061 1047 2138 potest?
1110 2073 1116 2087 ·

249 2159 312 2223 800
336 2158 404 2225 ΕΗ.
429 2157 519 2244 Quia
555 2159 695 2243 uterque
734 2159 899 2242 utriquest
935 2155 1036 2222 cdrdi.
1091 2159 1158 2222 DE.
1199 2155 1291 2238 Quid
1330 2157 1414 2220 istuc

169 2250 173 2258 ¹
489 2261 621 2327 ndstra?
645 2262 712 2327 CH.
738 2263 864 2345 Magni.
910 2260 1105 2345 praeterhac

421 2365 610 2450 Cognitam
632 2367 781 2449 comperi
803 2367 877 2430 dsse
901 2365 1009 2430 nobis.
1053 2365 1121 2430 DE.
1146 2362 1259 2448 Quid?
1282 2364 1413 2432 deliras.

489 2470 557 2537 CH.
582 2469 638 2535 Sic
654 2469 725 2536 erit.

422 2575 501 2640 Non
536 2575 661 2640 temere
703 2575 798 2638 dico:
840 2573 922 2639 redii
964 2594 1098 2638 mecum
1133 2574 1167 2638 in
1206 2575 1413 2639 mdmoriam.

488 2680 555 2743 DE.
580 2678 673 2743 Satin
689 2675 789 2743 sdnus
805 2682 863 2742 es?

336 2782 403 2847 Nn
422 2780 491 2857 Au,
506 2781 658 2856 dbsecro,
675 2782 752 2846 uide
774 2801 816 2845 ne
838 2780 873 2844 in
892 2791 1072 2863 cognatam
1093 2782 1222 2867 pecces.
1245 2785 1312 2851 Du.
1336 2782 1414 2850 Non
1472 2805 1502 2840 ²0

489 2894 548 2951 est
594 2884 661 2951 ΕΗ.
686 2885 738 2949 Ne
754 2905 858 2967 nega:

424 2990 529 3055 Patris
554 2987 676 3053 ndmen
701 2988 790 3056 aliud
818 2988 994 3054 dictumst:
1022 2990 1088 3054 hoc
1111 3000 1148 3057 tu
1176 2988 1301 3056 errasti.
1349 2990 1416 3055 Dr„

488 3094 567 3157 Non
582 3091 679 3157 nordt
694 3098 845 3176 patrem?

250 3200 313 3264 805
336 3198 402 3265 ΕΗ.
427 3195 544 3263 Nordt.
589 3198 653 3261 DF,
685 3196 781 3278 Quor
803 3196 894 3261 aliud
918 3194 1026 3263 dixit?
1070 3196 1137 3264 ΕΗ.
1176 3198 1416 3281 Numquamne

490 3300 590 3365 hddie
606 3301 772 3364 concedds
789 3300 870 3365 mihi

426 3404 548 3487 Neque
584 3404 777 3487 intelleges?
837 3405 904 3469 DE.
944 3404 980 3471 Si
1010 3401 1046 3469 td
1077 3406 1124 3469 nil
1154 3412 1289 3471 narrae?
1350 3404 1415 3473 ΕΗ.

491 3506 612 3571 Pdrdis.
658 3506 724 3571 Nn.
750 3507 857 3571 Miror
872 3505 954 3591 quid
970 3509 1041 3573 siet

338 3612 405 3699 DE.
426 3610 595 3695 Equidem
618 3610 729 3675 hercle
754 3608 875 3676 nescid
922 3610 988 3676 ΕΗ.
1019 3610 1086 3677 Vin
1108 3612 1215 3677 scire?
1238 3621 1273 3677 at
1295 3609 1341 3676 ita
1364 3632 1417 3678 me

490 3724 601 3778 seruet
617 3711 778 3798 Idppiter,

425 3814 475 3882 Vt
505 3816 641 3901 prdpior
665 3818 720 3894 illi,
744 3815 846 3901 quim
871 3838 936 3902 ego
959 3839 1034 3882 sum
1057 3839 1096 3882 ac
1119 3829 1165 3895 tu,
1193 3816 1332 3906 [homo]
1360 3820 1416 3884 ne·
1476 3846 1506 3896 ²5

491 3930 590 3986 most.
636 3922 702 3985 DE.
728 3918 771 3985 Di
789 3920 936 3986 nostram
954 3922 1065 3997 fidem,

427 4022 554 4089 Edmus
585 4027 627 4090 ad
659 4026 783 4109 ipsam:
825 4046 893 4090 una
922 4024 1030 4091 dmnis
1061 4045 1123 4090 nos
1154 4036 1212 4093 aut
1242 4026 1326 4092 scire
1361 4036 1418 4092 aut

492 4130 618 4193 nescire
635 4127 698 4193 hdc
715 4130 804 4195 uoto.
850 4128 919 4196 ΕΗ.
943 4130 1012 4196 An.
1043 4186 1046 4193 .
