3409 5050
211 358 253 422 62
628 347 815 402 TERENTI
843 347 1045 402 PHORMIO.

212 537 275 605 670
299 536 365 604 CH.
388 535 535 618 Quaeso,
552 533 617 618 ego
634 533 733 608 dabo,
750 513 911 617 quiesce?
929 542 965 598 tu
983 535 1086 598 modo
1102 531 1208 598 silium
1432 542 1463 608 ⁶5

386 641 454 705 Fac
467 650 504 705 ut
516 637 605 703 illam
616 639 726 711 ducat,
738 635 911 720 ndsquam
922 637 1089 702 uolumus.
1126 637 1196 701 AN.
1219 635 1261 700 Ei
1273 637 1373 700 mihi!

349 745 351 752 ’
387 743 481 819 Geta,
497 741 649 806 occidisti
666 741 800 805 metuis
816 738 965 805 fallaciis.

299 849 364 914 CH.
390 849 470 912 Mea
500 843 600 910 cat'lsa
629 845 764 908 ercitur:
799 845 853 907 md
877 844 942 907 hoc
969 852 1021 909 est
1043 865 1187 928 aequom
1215 843 1373 910 amittere

299 952 362 1017 GE.
388 948 580 1036 ‘Quantum
597 958 709 1032 potest
726 968 779 1012 me
795 948 992 1012 certiorem'
1009 947 1118 1032 inquit
1132 955 1141 982 ⁴
1155 948 1236 1022 sace,

213 1057 275 1122 675
388 1053 423 1120 Si
441 1052 530 1118 illam
547 1055 637 1126 dant,
654 1052 739 1117 hanc
756 1063 793 1116 ut
808 1050 948 1126 mittam,
966 1073 1007 1116 ne
1023 1048 1167 1116 incentis
1182 1053 1265 1116 siem
1275 1072 1283 1130 ;
1435 1079 1466 1126 70

388 1157 477 1221 Nam
495 1157 541 1220 illi
557 1157 637 1222 mihi
654 1158 769 1222 dotem
786 1155 850 1219 idm
868 1154 1111 1220 constituerdnt
1125 1156 1225 1220 dare!

300 1261 368 1329 CH.
391 1261 463 1325 Iam
479 1259 643 1345 accipiat:
666 1261 729 1325 illis
745 1260 922 1343 repudium
939 1257 1121 1336 remintiet3

387 1366 487 1430 Hanc
518 1362 627 1430 diicat.
688 1364 755 1428 DE.
795 1363 893 1446 Quae
932 1364 1069 1447 quidem
1099 1361 1146 1428 illi
1182 1383 1234 1428 res
1269 1361 1380 1428 uortat

453 1467 558 1532 male!
1018 1522 1021 1525 .

300 1572 367 1640 CH.
391 1571 591 1657 Opportune
609 1572 694 1636 adeo
711 1572 887 1654 argentum
903 1590 991 1635 nunc
1007 1591 1141 1635 mecum
1157 1570 1261 1646 dttuli,

214 1677 276 1741 680
387 1673 547 1741 Fructum
563 1696 665 1759 quem
681 1675 799 1740 Lemni
816 1674 930 1740 uxdris
946 1675 1092 1741 reddunt
1107 1676 1261 1760 praddia:
1434 1698 1465 1750 75

386 1779 470 1845 Inde
486 1777 615 1845 sumam
624 1799 633 1856 ;
661 1780 759 1844 uxori
775 1778 835 1844 ubi
850 1801 938 1865 opus
954 1799 1027 1844 esse
1043 1777 1170 1845 dixero.

660 2178 834 2243 Annpno
923 2177 1024 2242 Gara
1090 2220 1092 2225 -

646 2326 849 2368 ADVLESCENS
912 2325 1028 2370 SERVOS

303 2511 374 2577 An.
393 2507 489 2577 Geta.
521 2506 585 2573 GE.
609 2507 707 2573 Hem.
753 2508 822 2572 AN.
847 2507 939 2591 Quid
955 2508 1075 2593 egisti?
1101 2506 1163 2573 GE.
1189 2493 1337 2573 Emunxi
1383 2507 1469 2589 IV4

456 2611 594 2697 argento
610 2633 716 2677 senes.

303 2720 374 2785 AN.
395 2718 487 2785 Satin
518 2718 569 2781 est
596 2718 652 2781 id?
696 2716 760 2781 GE.
792 2716 916 2781 Nescio
947 2717 1076 2782 hercle:
1111 2726 1242 2783 tantum
1273 2716 1381 2782 iiissus

457 2844 542 2887 sum.

303 2927 371 2991 AN.
394 2925 481 3001 Eh0‚
499 2926 650 2998 uerbero,
667 2924 756 2989 aliud
773 2922 853 2988 mihi
871 2924 1055 3008 respondes
1070 2923 1110 2989 ac
1126 2933 1232 3009 rogo?

218 3031 280 3095 685
305 3030 366 3095 Ga
392 3029 485 3112 Quid
508 3031 589 3112 ergo
613 3036 747 3094 narras?
791 3029 862 3094 AN.
894 3028 986 3112 Quid
1010 3050 1075 3113 ego
1099 3036 1252 3094 narrem?
1279 3026 1382 3114 operi

457 3144 514 3197 tua

391 3237 448 3301 Ad
465 3237 576 3300 restim
594 3236 674 3301 mihi
691 3236 826 3320 quiddtn
843 3256 895 3300 res
912 3237 998 3301 redit
1013 3235 1225 3321 planissume.
1454 3258 1469 3313 5

390 3342 438 3406 Vt
452 3342 484 3404 te
501 3341 636 3423 quidem
653 3361 770 3404 omnes
786 3339 821 3404 di
836 3340 928 3416 deae,
945 3343 1057 3424 superi
1074 3340 1168 3406 inseri

393 3442 491 3509 Malis
508 3444 672 3527 exemplis
689 3445 846 3527 perdant!
874 3466 938 3519 em,
954 3446 982 3508 si
1000 3443 1078 3529 quid
1095 3447 1188 3527 uelis,

393 3549 485 3612 Huic
517 3545 664 3623 mandes
695 3549 754 3632 qui
783 3558 817 3613 te
853 3549 896 3613 ad
933 3548 1110 3633 scdpulutn
1147 3571 1166 3614 e
1203 3551 1381 3635 tranquillo

435 3650 570 3717 adserat.

392 3756 484 3839 Quid
502 3754 610 3820 minus
626 3755 741 3820 utibile
757 3754 819 3821 fuit
835 3778 937 3840 quam
952 3758 1018 3822 hoc
1034 3757 1128 3821 ulcus
1144 3757 1280 3842 tingere

391 3862 464 3927 Aut
480 3859 649 3925 nominare
665 3858 827 3925 uxdrem?
852 3862 1005 3927 iniectast
1020 3862 1095 3945 spes
1109 3864 1195 3946 patri
1439 3888 1468 3924 ιο

392 3967 494 4030 Posse
525 3964 615 4029 illam
647 3966 791 4029 extrudi.
837 3965 922 4030 cedo
953 3986 1041 4030 nunc
1073 3987 1191 4049 porro:
1226 3965 1381 4031 Phormio

393 4070 517 4134 Dotem
533 4070 560 4133 si
578 4070 730 4153 accipiet,
747 4066 830 4133 dxor
844 4068 1031 4135 ducendast
1045 4072 1203 4135 domum:
