3409 5050
235 493 278 555 60
653 474 837 530 TERENTI
866 471 1069 528 PHORMIO.

236 676 298 739 640
322 672 390 740 CH.
412 665 521 733 lmmd
537 687 605 732 non
621 667 731 749 potuit
746 665 864 729 melius
879 660 1085 749 peruenlrier
1457 675 1489 727 3⁵

412 774 464 838 Eo
497 771 565 857 qud
596 791 658 834 nos
689 769 855 833 uolumus.
899 767 971 831 AN.
1011 745 1149 829 Occidit
1198 761 1266 826 Du.
1298 759 1402 842 Perge

478 879 530 941 elo
558 875 598 939 ui.

325 985 389 1052 GE.
412 984 447 1049 A
463 896 573 1068 prlnio
591 978 694 1043 homo
710 974 884 1040 insanibat.
928 973 996 1040 CH.
1028 972 1123 1038 Cedo
1139 971 1220 1056 quid
1236 965 1404 1053 pdstulat?

324 1091 389 1156 GE.
414 1089 527 1174 Quid?
552 1082 691 1148 nimium
708 1090 883 1164 quantum.
923 1079 990 1143 CH.
1017 1073 1216 1155 Quantum!
1237 1073 1302 1137 dic.
1340 1069 1403 1134 GE.

479 1192 514 1256 Si
530 1190 605 1275 quis
621 1188 716 1251 daret

411 1298 588 1362 Talentum
613 1308 782 1372 magnum.
830 1287 897 1351 DE.
926 1283 1034 1349 Immd
1058 1283 1184 1348 malum
1206 1280 1336 1345 hercle:
1371 1288 1407 1341 ut

480 1399 525 1465 nll
541 1397 663 1484 pudetl
1296 1457 1300 1464 .

240 1509 302 1572 645
327 1506 391 1571 GE.
416 1506 517 1589 Quod
534 1503 604 1569 dlxi
621 1504 706 1568 adeo
724 1512 772 1564 et:
802 1496 959 1581 ‘quaeso¹
976 1493 1057 1576 quid
1074 1492 1101 1554 si
1118 1489 1220 1553 filiam
1463 1505 1494 1549 ⁴0

415 1611 518 1676 Suam
535 1607 666 1672 [inicam
684 1603 829 1670 locaret?
853 1599 949 1684 parui
968 1595 1094 1659 retulit

414 1715 492 1777 Non
508 1711 711 1797 suscepisse:
739 1710 907 1774 inuentast
922 1724 1009 1789 quae
1026 1701 1141 1764 dotem
1157 1695 1268 1781 petat!

416 1818 463 1882 Vt
478 1819 520 1882 ad
537 1815 644 1900 padca
660 1817 794 1880 redeam
810 1833 849 1877 ac
867 1809 995 1875 mlttam
1012 1807 1100 1869 illius
1116 1804 1267 1888 ineptias,

419 1922 514 1985 Haec
530 1923 674 2004 denique
690 1921 761 1983 eius
777 1917 839 1983 fult
854 1927 1026 2001 postrema
1043 1909 1168 1975 oidtio:

418 2033 426 2060 ⁴
439 2026 514 2108 Ego
527 2025 534 2051 '
551 2025 659 2108 lnquit
675 2029 714 2087 ‘a
729 2021 895 2107 princlpio
914 2021 1011 2084 amici
1029 2016 1143 2092 liliam,

420 2131 471 2195 lta
487 2139 523 2194 ut
538 2129 682 2212 aequom
699 2126 815 2203 luerat,
832 2127 921 2191 udlui
940 2147 1083 2190 uxorem
1100 2121 1241 2200 ddcere3

421 2232 510 2296 Nam
528 2231 608 2296 mlhi
625 2231 763 2296 uenibat
779 2230 811 2296 ln
829 2243 975 2297 mentem
992 2233 1062 2296 eius
1081 2227 1343 2303 incdmmodum‚

422 2336 461 2400 In
477 2337 671 2400 seruitutem
687 2333 870 2419 padperem
886 2337 928 2399 ad
945 2337 1048 2400 ditem
1064 2336 1145 2399 dari.

423 2440 491 2506 Sed
508 2440 553 2503 mi
568 2437 654 2524 dpus
670 2450 750 2516 erat,
767 2450 804 2505 ut
820 2441 933 2524 aperte
949 2441 1008 2504 tibi
1026 2462 1114 2506 nunc
1132 2439 1271 2516 falbuler,

274 2548 288 2565 ''
421 2541 678 2628 Aliqudntulum
695 2565 781 2627 quae
797 2544 948 2619 adferret,
965 2546 1022 2629 qui
1039 2544 1255 2611 dissdluerem
1472 2569 1502 2619 50

424 2647 521 2730 Quae
537 2647 663 2711 debeo:
690 2657 724 2712 et
739 2646 839 2712 etiam
857 2670 954 2724 nunc,
971 2652 999 2714 si
1016 2652 1087 2717 uolt
1104 2653 1276 2737 Demipho

423 2749 514 2816 Dare
536 2748 697 2834 qudntum
719 2751 760 2815 ab
783 2752 847 2815 hac
870 2753 1010 2838 accipio,
1036 2778 1122 2840 quae
1146 2755 1303 2841 sponsdst
1325 2756 1415 2833 mihi,

423 2852 559 2919 Nulldm
577 2854 656 2918 mihi
673 2855 785 2918 malim
802 2876 903 2939 quam
920 2856 1024 2923 lstanc
1041 2863 1182 2925 uxorem
1200 2861 1291 2925 dari!

338 2960 408 3025 Au.
428 2956 549 3023 Vtrtim
565 2958 703 3022 stultitia
718 2956 827 3023 fdcere
843 2980 908 3043 ego
924 2962 1014 3027 hunc
1030 2986 1071 3029 an
1089 2964 1214 3029 mdlitia

252 3066 314 3131 660
426 3060 555 3135 Dicdm,
572 3063 733 3126 scientem
750 3082 791 3127 an
808 3062 1053 3147 inprudentem,
1071 3069 1215 3133 incertus
1230 3090 1315 3134 sum.
1474 3088 1505 3143 55

340 3168 406 3233 DE.
428 3165 519 3250 Quid
550 3166 576 3229 si
611 3164 757 3229 animam
794 3167 916 3233 debet?
976 3170 1041 3237 GE.
1087 3160 1204 3255 ‘Ager
1241 3172 1418 3257 oppositus

493 3268 625 3353 pignori

427 3374 483 3440 Ob
513 3374 631 3437 decem
662 3377 767 3441 minas
795 3373 865 3442 est-¹
911 3380 978 3443 1)Ε.
1011 3366 1088 3463 Age
1111 3402 1184 3464 age,
1209 3380 1274 3444 iam
1298 3378 1415 3445 ducat:

493 3478 593 3541 dabo.

341 3582 404 3649 GE.
429 3580 635 3648 ‘Aedlculae
667 3587 746 3652 item
777 3598 854 3652 sunt
878 3584 922 3651 db
950 3591 1067 3653 decem
1091 3588 1191 3653 alias!
1237 3590 1301 3653 DE.
1334 3586 1419 3660 olei,

428 3684 619 3754 Nimidmst.
645 3690 712 3755 CH.
731 3692 783 3755 Ne
793 3691 918 3755 clama:
939 3695 1078 3775 rlpetito
1089 3693 1189 3756 hasce
1201 3694 1280 3756 ame
1291 3694 1419 3756 decem.

254 3791 316 3857 665
342 3789 406 3854 Gn.
431 3789 561 3856 ‘deri
579 3795 725 3857 emunda
741 3794 944 3872 ancillulast;
971 3806 1043 3860 tum
1060 3796 1213 3880 pluscula
1477 3804 1507 3853 6:

318 3919 324 3941 ··
430 3895 644 3979 Supellectile
661 3919 747 3981 opus
771 3909 837 3974 est;
865 3898 949 3982 dpus
973 3910 1023 3964 est
1044 3911 1180 3984 sumptu
1202 3900 1244 3964 ad
1268 3898 1417 3983 ndptias:

432 4001 495 4064 His
512 4002 611 4065 rebus
619 4013 719 4084 porro
734 3999 814 4067 sdne
830 4003 938 4086 pone'
961 4002 1067 4087 inquit
1092 4006 1230 4068 ‘decem
1255 3998 1420 4091 [minas].'

206 4176 207 4179 Ἴ
346 4103 414 4168 DE.
436 4105 611 4169 Sescentas
628 4106 768 4189 proinde
786 4106 922 4170 serlbito
939 4106 1005 4171 iam
1021 4105 1101 4171 mlhi
1118 4108 1227 4171 dicas:

433 4208 488 4273 Nil
505 4209 558 4274 do.
606 4208 779 4293 inpuratus
795 4230 849 4274 me
866 4208 920 4275 ille
937 4221 974 4276 ut
989 4212 1089 4276 etiam
1105 4210 1266 4276 inrldeat?
